<?xml version="1.0" encoding="UTF-8"?>
<!DOCTYPE html PUBLIC "-//W3C//DTD XHTML 1.0 Transitional//EN"
    "http://www.w3.org/TR/xhtml1/DTD/xhtml1-transitional.dtd">
<html xmlns="http://www.w3.org/1999/xhtml" xml:lang="en" lang="en">
 <head>
  <title>
</title>
<meta http-equiv="Content-Type" content="text/html;charset=utf-8" />
  <meta name='ocr-system' content='tesseract 3.04.00' />
  <meta name='ocr-capabilities' content='ocr_page ocr_carea ocr_par ocr_line ocrx_word'/>
</head>
<body>
  <div class='ocr_page' id='page_1' title='image "./quintihoratifla01horagoog_0196.png"; bbox 0 0 3450 5667; ppageno 0'>
   <div class='ocr_carea' id='block_1_1' title="bbox 779 721 1168 798">
    <p class='ocr_par' dir='ltr' id='par_1_1' title="bbox 779 721 1168 798">
     <span class='ocr_line' id='line_1_1' title="bbox 779 721 1168 798; baseline 0.003 -17"><span class='ocrx_word' id='word_1_1' title='bbox 779 721 813 798; x_wconf 77' lang='lat' dir='ltr'>o.</span> <span class='ocrx_word' id='word_1_2' title='bbox 840 723 1001 784; x_wconf 78' lang='lat' dir='ltr'>norm</span> <span class='ocrx_word' id='word_1_3' title='bbox 1022 723 1168 784; x_wconf 68' lang='lat' dir='ltr'>sareu</span> 
     </span>
    </p>
   </div>
   <div class='ocr_carea' id='block_1_2' title="bbox 365 885 1573 2072">
    <p class='ocr_par' dir='ltr' id='par_1_2' title="bbox 576 885 1411 1084">
     <span class='ocr_line' id='line_1_2' title="bbox 577 885 1303 966; baseline 0.001 -14"><span class='ocrx_word' id='word_1_4' title='bbox 577 885 734 966; x_wconf 80' lang='lat' dir='ltr'>Garrirel,</span> <span class='ocrx_word' id='word_1_5' title='bbox 748 887 845 966; x_wconf 79' lang='lat' dir='ltr'>vioos,</span> <span class='ocrx_word' id='word_1_6' title='bbox 860 887 976 953; x_wconf 83' lang='lat' dir='ltr'>urbem</span> <span class='ocrx_word' id='word_1_7' title='bbox 989 888 1146 954; x_wconf 87' lang='lat' dir='ltr'>laudaret.</span> <span class='ocrx_word' id='word_1_8' title='bbox 1190 890 1240 954; x_wconf 80' lang='lat' dir='ltr'>Ut</span> <span class='ocrx_word' id='word_1_9' title='bbox 1253 889 1303 953; x_wconf 92' lang='lat' dir='ltr'>illi</span> 
     </span>
     <span class='ocr_line' id='line_1_3' title="bbox 576 997 1411 1084; baseline 0 -23"><span class='ocrx_word' id='word_1_10' title='bbox 576 997 635 1062; x_wconf 85' lang='lat' dir='ltr'>Nil</span> <span class='ocrx_word' id='word_1_11' title='bbox 649 997 900 1082; x_wconf 73' lang='lat' dir='ltr'>respondebam:</span> <span class='ocrx_word' id='word_1_12' title='bbox 924 999 1046 1064; x_wconf 86' lang='lat' dir='ltr'>Misere</span> <span class='ocrx_word' id='word_1_13' title='bbox 1060 999 1160 1084; x_wconf 84' lang='lat' dir='ltr'>cupis,</span> <span class='ocrx_word' id='word_1_14' title='bbox 1175 999 1295 1082; x_wconf 85' lang='lat' dir='ltr'>inquit,</span> <span class='ocrx_word' id='word_1_15' title='bbox 1309 999 1411 1064; x_wconf 85' lang='lat' dir='ltr'>abire:</span> 
     </span>
    </p>

    <p class='ocr_par' dir='ltr' id='par_1_3' title="bbox 365 1107 1531 1414">
     <span class='ocr_line' id='line_1_4' title="bbox 365 1107 1530 1193; baseline -0.007 -17"><span class='ocrx_word' id='word_1_16' title='bbox 365 1145 387 1176; x_wconf 73' lang='grc' dir='ltr'>ι.</span> <span class='ocrx_word' id='word_1_17' title='bbox 397 1143 432 1186; x_wconf 65' lang='grc' dir='ltr'>η.</span> <span class='ocrx_word' id='word_1_18' title='bbox 442 1131 521 1186; x_wconf 54' lang='lat' dir='ltr'>usu.</span> <span class='ocrx_word' id='word_1_19' title='bbox 531 1133 563 1176; x_wconf 82' lang='grc' dir='ltr'>ιι.</span> <span class='ocrx_word' id='word_1_20' title='bbox 577 1107 598 1172; x_wconf 87' lang='lat' dir='ltr'>J</span> <span class='ocrx_word' id='word_1_21' title='bbox 600 1129 652 1172; x_wconf 88' lang='lat' dir='ltr'>am</span> <span class='ocrx_word' id='word_1_22' title='bbox 675 1107 798 1172; x_wconf 90' lang='lat' dir='ltr'>dudum</span> <span class='ocrx_word' id='word_1_23' title='bbox 812 1107 927 1186; x_wconf 76' lang='lat' dir='ltr'>video3</span> <span class='ocrx_word' id='word_1_24' title='bbox 948 1109 1005 1172; x_wconf 86' lang='lat' dir='ltr'>sed</span> <span class='ocrx_word' id='word_1_25' title='bbox 1019 1109 1067 1172; x_wconf 93' lang='lat' dir='ltr'>nil</span> <span class='ocrx_word' id='word_1_26' title='bbox 1081 1109 1172 1192; x_wconf 84' lang='lat' dir='ltr'>agis:</span> <span class='ocrx_word' id='word_1_27' title='bbox 1193 1131 1297 1193; x_wconf 88' lang='lat' dir='ltr'>nsque</span> <span class='ocrx_word' id='word_1_28' title='bbox 1310 1109 1436 1186; x_wconf 83' lang='lat' dir='ltr'>tenebo;</span> <span class='ocrx_word' id='word_1_29' title='bbox 1503 1107 1530 1168; x_wconf 77' lang='lat'>15</span> 
     </span>
     <span class='ocr_line' id='line_1_5' title="bbox 577 1219 1531 1302; baseline -0.006 -18"><span class='ocrx_word' id='word_1_30' title='bbox 577 1219 764 1302; x_wconf 84' lang='lat' dir='ltr'>Persequar.</span> <span class='ocrx_word' id='word_1_31' title='bbox 795 1219 886 1282; x_wconf 85' lang='lat' dir='ltr'>Hine</span> <span class='ocrx_word' id='word_1_32' title='bbox 897 1240 962 1301; x_wconf 91' lang='lat' dir='ltr'>quo</span> <span class='ocrx_word' id='word_1_33' title='bbox 971 1239 1059 1282; x_wconf 87' lang='lat' dir='ltr'>nune</span> <span class='ocrx_word' id='word_1_34' title='bbox 1069 1219 1133 1282; x_wconf 84' lang='lat' dir='ltr'>iter</span> <span class='ocrx_word' id='word_1_35' title='bbox 1143 1227 1194 1282; x_wconf 79' lang='lat' dir='ltr'>est</span> <span class='ocrx_word' id='word_1_36' title='bbox 1206 1219 1295 1282; x_wconf 80' lang='lat' dir='ltr'>tibi?</span> <span class='ocrx_word' id='word_1_37' title='bbox 1316 1219 1374 1283; x_wconf 82' lang='lat' dir='ltr'>Nil</span> <span class='ocrx_word' id='word_1_38' title='bbox 1382 1239 1452 1302; x_wconf 88' lang='lat' dir='ltr'>opus</span> <span class='ocrx_word' id='word_1_39' title='bbox 1462 1224 1531 1278; x_wconf 75' lang='lat' dir='ltr'>stu</span> 
     </span>
     <span class='ocr_line' id='line_1_6' title="bbox 577 1329 1458 1414; baseline -0.003 -19"><span class='ocrx_word' id='word_1_40' title='bbox 577 1329 760 1414; x_wconf 79' lang='lat' dir='ltr'>circumagi</span> <span class='ocrx_word' id='word_1_41' title='bbox 773 1355 781 1394; x_wconf 80' lang='grc' dir='ltr'>ι</span> <span class='ocrx_word' id='word_1_42' title='bbox 805 1329 966 1412; x_wconf 81' lang='lat' dir='ltr'><strong>quendam</strong></span> <span class='ocrx_word' id='word_1_43' title='bbox 979 1329 1051 1393; x_wconf 80' lang='lat' dir='ltr'>volo</span> <span class='ocrx_word' id='word_1_44' title='bbox 1064 1329 1166 1392; x_wconf 83' lang='lat' dir='ltr'>visere</span> <span class='ocrx_word' id='word_1_45' title='bbox 1180 1349 1249 1393; x_wconf 91' lang='lat' dir='ltr'>non</span> <span class='ocrx_word' id='word_1_46' title='bbox 1262 1329 1323 1393; x_wconf 91' lang='lat' dir='ltr'>tibi</span> <span class='ocrx_word' id='word_1_47' title='bbox 1337 1337 1440 1393; x_wconf 86' lang='lat' dir='ltr'>notan</span> <span class='ocrx_word' id='word_1_48' title='bbox 1447 1353 1458 1404; x_wconf 87' lang='lat'>;</span> 
     </span>
    </p>

    <p class='ocr_par' dir='ltr' id='par_1_4' title="bbox 365 1418 1573 1854">
     <span class='ocr_line' id='line_1_7' title="bbox 365 1418 1573 1522; baseline -0.004 -16"><span class='ocrx_word' id='word_1_49' title='bbox 365 1458 412 1500; x_wconf 60' lang='lat' dir='ltr'>a».</span> <span class='ocrx_word' id='word_1_50' title='bbox 423 1457 444 1500; x_wconf 73' lang='lat' dir='ltr'>a.</span> <span class='ocrx_word' id='word_1_51' title='bbox 454 1459 473 1498; x_wconf 71' lang='grc' dir='ltr'>ι</span> <span class='ocrx_word' id='word_1_52' title='bbox 482 1459 501 1500; x_wconf 68' lang='grc' dir='ltr'>ι</span> <span class='ocrx_word' id='word_1_53' title='bbox 511 1459 556 1500; x_wconf 66' lang='lat' dir='ltr'>n.</span> <span class='ocrx_word' id='word_1_54' title='bbox 576 1443 678 1506; x_wconf 69' lang='lat' dir='ltr'>nm</span> <span class='ocrx_word' id='word_1_55' title='bbox 691 1440 831 1504; x_wconf 69' lang='lat' dir='ltr'>nusum</span> <span class='ocrx_word' id='word_1_56' title='bbox 846 1439 942 1522; x_wconf 70' lang='lat' dir='ltr'>longe</span> <span class='ocrx_word' id='word_1_57' title='bbox 955 1439 1052 1504; x_wconf 70' lang='lat' dir='ltr'>cusu</span> <span class='ocrx_word' id='word_1_58' title='bbox 1066 1439 1105 1516; x_wconf 74' lang='lat' dir='ltr'>a,</span> <span class='ocrx_word' id='word_1_59' title='bbox 1120 1460 1220 1522; x_wconf 69' lang='lat' dir='ltr'>prope</span> <span class='ocrx_word' id='word_1_60' title='bbox 1234 1440 1368 1504; x_wconf 67' lang='lat' dir='ltr'>omn</span> <span class='ocrx_word' id='word_1_61' title='bbox 1379 1439 1483 1502; x_wconf 72' lang='lat' dir='ltr'>noes,</span> <span class='ocrx_word' id='word_1_62' title='bbox 1571 1418 1573 1485; x_wconf 82' lang='grc' dir='ltr'>ἶ</span> 
     </span>
     <span class='ocr_line' id='line_1_8' title="bbox 575 1549 1530 1634; baseline -0.008 -18"><span class='ocrx_word' id='word_1_63' title='bbox 575 1551 634 1616; x_wconf 87' lang='lat' dir='ltr'>Nil</span> <span class='ocrx_word' id='word_1_64' title='bbox 649 1549 751 1616; x_wconf 85' lang='lat' dir='ltr'>habeo</span> <span class='ocrx_word' id='word_1_65' title='bbox 766 1549 852 1632; x_wconf 92' lang='lat' dir='ltr'>quod</span> <span class='ocrx_word' id='word_1_66' title='bbox 866 1571 960 1632; x_wconf 82' lang='lat' dir='ltr'>agam</span> <span class='ocrx_word' id='word_1_67' title='bbox 971 1557 1005 1614; x_wconf 83' lang='lat' dir='ltr'>et</span> <span class='ocrx_word' id='word_1_68' title='bbox 1014 1570 1080 1615; x_wconf 90' lang='lat' dir='ltr'>non</span> <span class='ocrx_word' id='word_1_69' title='bbox 1089 1570 1162 1612; x_wconf 88' lang='lat' dir='ltr'>sum</span> <span class='ocrx_word' id='word_1_70' title='bbox 1169 1549 1279 1634; x_wconf 86' lang='lat' dir='ltr'>piger:</span> <span class='ocrx_word' id='word_1_71' title='bbox 1293 1567 1493 1634; x_wconf 83' lang='lat' dir='ltr'>usquesequar</span> <span class='ocrx_word' id='word_1_72' title='bbox 1500 1556 1530 1603; x_wconf 76' lang='lat' dir='ltr'>ts.</span> 
     </span>
     <span class='ocr_line' id='line_1_9' title="bbox 576 1653 1533 1742; baseline -0.002 -18"><span class='ocrx_word' id='word_1_73' title='bbox 576 1658 723 1724; x_wconf 77' lang='lat' dir='ltr'>Domitio</span> <span class='ocrx_word' id='word_1_74' title='bbox 737 1659 906 1737; x_wconf 76' lang='lat' dir='ltr'>auriculas,</span> <span class='ocrx_word' id='word_1_75' title='bbox 920 1665 959 1722; x_wconf 81' lang='lat' dir='ltr'>ut</span> <span class='ocrx_word' id='word_1_76' title='bbox 972 1659 1091 1742; x_wconf 72' lang='lat' dir='ltr'>iniqua</span> <span class='ocrx_word' id='word_1_77' title='bbox 1105 1659 1225 1722; x_wconf 84' lang='lat' dir='ltr'>mentia</span> <span class='ocrx_word' id='word_1_78' title='bbox 1239 1661 1364 1738; x_wconf 89' lang='lat' dir='ltr'>asellus,</span> <span class='ocrx_word' id='word_1_79' title='bbox 1502 1653 1533 1715; x_wconf 66' lang='lat'>20</span> 
     </span>
     <span class='ocr_line' id='line_1_10' title="bbox 577 1767 1384 1854; baseline 0 -22"><span class='ocrx_word' id='word_1_80' title='bbox 577 1769 661 1832; x_wconf 89' lang='lat' dir='ltr'>Cum</span> <span class='ocrx_word' id='word_1_81' title='bbox 676 1767 803 1851; x_wconf 77' lang='lat' dir='ltr'>gravius</span> <span class='ocrx_word' id='word_1_82' title='bbox 817 1767 912 1834; x_wconf 80' lang='lat' dir='ltr'>dorso</span> <span class='ocrx_word' id='word_1_83' title='bbox 925 1767 1027 1832; x_wconf 81' lang='lat' dir='ltr'>subiit</span> <span class='ocrx_word' id='word_1_84' title='bbox 1039 1789 1136 1832; x_wconf 85' lang='lat' dir='ltr'>onus.</span> <span class='ocrx_word' id='word_1_85' title='bbox 1177 1769 1300 1854; x_wconf 84' lang='lat' dir='ltr'>Incipit</span> <span class='ocrx_word' id='word_1_86' title='bbox 1313 1770 1384 1833; x_wconf 89' lang='lat' dir='ltr'>ille:</span> 
     </span>
    </p>

    <p class='ocr_par' dir='ltr' id='par_1_5' title="bbox 369 1878 1385 1962">
     <span class='ocr_line' id='line_1_11' title="bbox 369 1878 1385 1962; baseline -0.001 -18"><span class='ocrx_word' id='word_1_87' title='bbox 369 1901 412 1944; x_wconf 78' lang='lat' dir='ltr'>vu.</span> <span class='ocrx_word' id='word_1_88' title='bbox 423 1901 443 1942; x_wconf 88' lang='lat' dir='ltr'>s.</span> <span class='ocrx_word' id='word_1_89' title='bbox 454 1901 472 1942; x_wconf 88' lang='lat'>1.</span> <span class='ocrx_word' id='word_1_90' title='bbox 483 1901 514 1942; x_wconf 83' lang='grc' dir='ltr'>ιο.</span> <span class='ocrx_word' id='word_1_91' title='bbox 523 1900 555 1942; x_wconf 81' lang='lat' dir='ltr'>ea.</span> <span class='ocrx_word' id='word_1_92' title='bbox 578 1879 615 1943; x_wconf 85' lang='lat' dir='ltr'>Si</span> <span class='ocrx_word' id='word_1_93' title='bbox 628 1878 711 1942; x_wconf 90' lang='lat' dir='ltr'>bene</span> <span class='ocrx_word' id='word_1_94' title='bbox 724 1897 777 1942; x_wconf 86' lang='lat' dir='ltr'>me</span> <span class='ocrx_word' id='word_1_95' title='bbox 791 1878 877 1957; x_wconf 82' lang='lat' dir='ltr'>novi,</span> <span class='ocrx_word' id='word_1_96' title='bbox 892 1899 960 1942; x_wconf 91' lang='lat' dir='ltr'>non</span> <span class='ocrx_word' id='word_1_97' title='bbox 973 1878 1108 1942; x_wconf 80' lang='lat' dir='ltr'>Viscum</span> <span class='ocrx_word' id='word_1_98' title='bbox 1121 1879 1224 1962; x_wconf 86' lang='lat' dir='ltr'>pluria</span> <span class='ocrx_word' id='word_1_99' title='bbox 1238 1879 1385 1956; x_wconf 90' lang='lat' dir='ltr'>amicum,</span> 
     </span>
    </p>

    <p class='ocr_par' dir='ltr' id='par_1_6' title="bbox 371 1989 1447 2072">
     <span class='ocr_line' id='line_1_12' title="bbox 371 1989 1447 2072; baseline -0.007 -14"><span class='ocrx_word' id='word_1_100' title='bbox 371 2017 422 2058; x_wconf 62' lang='lat' dir='ltr'>ra.</span> <span class='ocrx_word' id='word_1_101' title='bbox 432 2015 456 2058; x_wconf 84' lang='lat' dir='ltr'>c.</span> <span class='ocrx_word' id='word_1_102' title='bbox 467 2017 484 2058; x_wconf 87' lang='lat'>1.</span> <span class='ocrx_word' id='word_1_103' title='bbox 494 2017 513 2056; x_wconf 84' lang='lat' dir='ltr'>a.</span> <span class='ocrx_word' id='word_1_104' title='bbox 524 2015 542 2056; x_wconf 89' lang='grc' dir='ltr'>ι.</span> <span class='ocrx_word' id='word_1_105' title='bbox 577 1989 655 2054; x_wconf 88' lang='grc' dir='ltr'>Νοιι</span> <span class='ocrx_word' id='word_1_106' title='bbox 668 1989 805 2052; x_wconf 79' lang='lat' dir='ltr'>Varium</span> <span class='ocrx_word' id='word_1_107' title='bbox 819 1989 934 2053; x_wconf 80' lang='lat' dir='ltr'>facies:</span> <span class='ocrx_word' id='word_1_108' title='bbox 958 2010 1034 2052; x_wconf 90' lang='lat' dir='ltr'>nam</span> <span class='ocrx_word' id='word_1_109' title='bbox 1048 1989 1120 2071; x_wconf 90' lang='lat' dir='ltr'>quia</span> <span class='ocrx_word' id='word_1_110' title='bbox 1133 2009 1187 2052; x_wconf 84' lang='lat' dir='ltr'>me</span> <span class='ocrx_word' id='word_1_111' title='bbox 1199 1989 1338 2053; x_wconf 84' lang='lat' dir='ltr'>seribere</span> <span class='ocrx_word' id='word_1_112' title='bbox 1350 1989 1447 2072; x_wconf 78' lang='lat' dir='ltr'>plures</span> 
     </span>
    </p>
   </div>
   <div class='ocr_carea' id='block_1_3' title="bbox 367 2098 1543 2844">
    <p class='ocr_par' dir='ltr' id='par_1_7' title="bbox 367 2098 1543 2844">
     <span class='ocr_line' id='line_1_13' title="bbox 578 2098 1408 2183; baseline -0.004 -17"><span class='ocrx_word' id='word_1_113' title='bbox 578 2103 647 2166; x_wconf 82' lang='lat' dir='ltr'>Aut</span> <span class='ocrx_word' id='word_1_114' title='bbox 661 2099 756 2164; x_wconf 86' lang='lat' dir='ltr'>eitius</span> <span class='ocrx_word' id='word_1_115' title='bbox 770 2099 870 2183; x_wconf 84' lang='lat' dir='ltr'>possit</span> <span class='ocrx_word' id='word_1_116' title='bbox 883 2100 1020 2163; x_wconf 72' lang='lat' dir='ltr'>venus?</span> <span class='ocrx_word' id='word_1_117' title='bbox 1042 2098 1113 2182; x_wconf 86' lang='lat' dir='ltr'>quis</span> <span class='ocrx_word' id='word_1_118' title='bbox 1127 2098 1274 2162; x_wconf 86' lang='lat' dir='ltr'>membra</span> <span class='ocrx_word' id='word_1_119' title='bbox 1286 2120 1408 2163; x_wconf 82' lang='lat' dir='ltr'>movere</span> 
     </span>
     <span class='ocr_line' id='line_1_14' title="bbox 367 2203 1536 2292; baseline -0.014 -14"><span class='ocrx_word' id='word_1_120' title='bbox 367 2209 736 2286; x_wconf 59' lang='lat' dir='ltr'>n„,s,1,³‚m,Mollius?</span> <span class='ocrx_word' id='word_1_121' title='bbox 758 2209 899 2273; x_wconf 83' lang='lat' dir='ltr'>invideat</span> <span class='ocrx_word' id='word_1_122' title='bbox 910 2208 998 2292; x_wconf 90' lang='lat' dir='ltr'>quod</span> <span class='ocrx_word' id='word_1_123' title='bbox 1007 2216 1041 2272; x_wconf 83' lang='lat' dir='ltr'>et</span> <span class='ocrx_word' id='word_1_124' title='bbox 1056 2209 1291 2292; x_wconf 75' lang='lat' dir='ltr'>Hermogenes,</span> <span class='ocrx_word' id='word_1_125' title='bbox 1305 2231 1364 2292; x_wconf 76' lang='lat' dir='ltr'>ego</span> <span class='ocrx_word' id='word_1_126' title='bbox 1376 2213 1472 2273; x_wconf 78' lang='lat' dir='ltr'>canto.</span> <span class='ocrx_word' id='word_1_127' title='bbox 1505 2203 1536 2262; x_wconf 73' lang='lat'>‘25</span> 
     </span>
     <span class='ocr_line' id='line_1_15' title="bbox 579 2319 1370 2404; baseline -0.004 -18"><span class='ocrx_word' id='word_1_128' title='bbox 579 2319 808 2404; x_wconf 74' lang='lat' dir='ltr'>Interpellandi</span> <span class='ocrx_word' id='word_1_129' title='bbox 821 2320 911 2384; x_wconf 87' lang='lat' dir='ltr'>loona</span> <span class='ocrx_word' id='word_1_130' title='bbox 925 2319 978 2383; x_wconf 87' lang='lat' dir='ltr'>hio</span> <span class='ocrx_word' id='word_1_131' title='bbox 993 2327 1062 2384; x_wconf 81' lang='lat' dir='ltr'>erat</span> <span class='ocrx_word' id='word_1_132' title='bbox 1076 2345 1083 2383; x_wconf 95' lang='lat'><strong>:</strong></span> <span class='ocrx_word' id='word_1_133' title='bbox 1106 2320 1167 2382; x_wconf 81' lang='lat' dir='ltr'>Est</span> <span class='ocrx_word' id='word_1_134' title='bbox 1181 2320 1243 2383; x_wconf 89' lang='lat' dir='ltr'>tibi</span> <span class='ocrx_word' id='word_1_135' title='bbox 1257 2329 1370 2398; x_wconf 83' lang='lat' dir='ltr'>mater,</span> 
     </span>
     <span class='ocr_line' id='line_1_16' title="bbox 579 2427 1539 2514; baseline -0.002 -18"><span class='ocrx_word' id='word_1_136' title='bbox 579 2431 727 2514; x_wconf 75' lang='lat' dir='ltr'><strong>Cognati,</strong></span> <span class='ocrx_word' id='word_1_137' title='bbox 744 2429 816 2514; x_wconf 91' lang='lat' dir='ltr'>quis</span> <span class='ocrx_word' id='word_1_138' title='bbox 829 2438 864 2494; x_wconf 78' lang='lat' dir='ltr'>te</span> <span class='ocrx_word' id='word_1_139' title='bbox 878 2430 965 2495; x_wconf 86' lang='lat' dir='ltr'>salvo</span> <span class='ocrx_word' id='word_1_140' title='bbox 978 2438 1028 2494; x_wconf 84' lang='lat' dir='ltr'>eat</span> <span class='ocrx_word' id='word_1_141' title='bbox 1040 2431 1147 2514; x_wconf 83' lang='lat' dir='ltr'>opus?</span> <span class='ocrx_word' id='word_1_142' title='bbox 1178 2429 1279 2494; x_wconf 88' lang='lat' dir='ltr'>Haud</span> <span class='ocrx_word' id='word_1_143' title='bbox 1292 2430 1371 2494; x_wconf 88' lang='lat' dir='ltr'>mihi</span> <span class='ocrx_word' id='word_1_144' title='bbox 1383 2427 1539 2512; x_wconf 63' lang='lat' dir='ltr'>quisqam</span> 
     </span>
     <span class='ocr_line' id='line_1_17' title="bbox 579 2540 1371 2624; baseline -0.001 -19"><span class='ocrx_word' id='word_1_145' title='bbox 579 2543 701 2606; x_wconf 90' lang='lat' dir='ltr'>Omnes</span> <span class='ocrx_word' id='word_1_146' title='bbox 715 2540 891 2624; x_wconf 77' lang='lat' dir='ltr'>oomposui.</span> <span class='ocrx_word' id='word_1_147' title='bbox 934 2540 1057 2604; x_wconf 81' lang='lat' dir='ltr'>Felices</span> <span class='ocrx_word' id='word_1_148' title='bbox 1069 2541 1077 2603; x_wconf 97' lang='lat' dir='ltr'>l</span> <span class='ocrx_word' id='word_1_149' title='bbox 1101 2561 1190 2604; x_wconf 88' lang='lat' dir='ltr'>nunc</span> <span class='ocrx_word' id='word_1_150' title='bbox 1203 2562 1264 2622; x_wconf 87' lang='lat' dir='ltr'>ego</span> <span class='ocrx_word' id='word_1_151' title='bbox 1278 2549 1371 2605; x_wconf 82' lang='lat' dir='ltr'>reato.</span> 
     </span>
     <span class='ocr_line' id='line_1_18' title="bbox 367 2646 1469 2738; baseline -0.005 -19"><span class='ocrx_word' id='word_1_152' title='bbox 367 2687 419 2730; x_wconf 58' lang='grc' dir='ltr'>ω,</span> <span class='ocrx_word' id='word_1_153' title='bbox 431 2687 470 2738; x_wconf 60' lang='lat'>29,</span> <span class='ocrx_word' id='word_1_154' title='bbox 481 2687 512 2730; x_wconf 85' lang='lat' dir='ltr'>u.</span> <span class='ocrx_word' id='word_1_155' title='bbox 522 2687 555 2730; x_wconf 60' lang='grc' dir='ltr'>ῃ,</span> <span class='ocrx_word' id='word_1_156' title='bbox 579 2651 727 2716; x_wconf 86' lang='lat' dir='ltr'>Conlioe:</span> <span class='ocrx_word' id='word_1_157' title='bbox 751 2671 892 2732; x_wconf 90' lang='lat' dir='ltr'>namque</span> <span class='ocrx_word' id='word_1_158' title='bbox 905 2650 1007 2714; x_wconf 75' lang='lat' dir='ltr'>instat</span> <span class='ocrx_word' id='word_1_159' title='bbox 1020 2650 1124 2714; x_wconf 79' lang='lat' dir='ltr'>fatum</span> <span class='ocrx_word' id='word_1_160' title='bbox 1138 2650 1220 2713; x_wconf 89' lang='lat' dir='ltr'>mihi</span> <span class='ocrx_word' id='word_1_161' title='bbox 1233 2651 1338 2729; x_wconf 86' lang='lat' dir='ltr'>triste,</span> <span class='ocrx_word' id='word_1_162' title='bbox 1354 2646 1469 2714; x_wconf 70' lang='lat' dir='ltr'>Sabella</span> 
     </span>
     <span class='ocr_line' id='line_1_19' title="bbox 580 2752 1543 2844; baseline -0.005 -18"><span class='ocrx_word' id='word_1_163' title='bbox 580 2759 678 2826; x_wconf 76' lang='lat' dir='ltr'>Quod</span> <span class='ocrx_word' id='word_1_164' title='bbox 691 2779 792 2844; x_wconf 88' lang='lat' dir='ltr'>puero</span> <span class='ocrx_word' id='word_1_165' title='bbox 806 2759 924 2824; x_wconf 82' lang='lat' dir='ltr'>cecinit</span> <span class='ocrx_word' id='word_1_166' title='bbox 937 2759 1047 2824; x_wconf 82' lang='lat' dir='ltr'>divina</span> <span class='ocrx_word' id='word_1_167' title='bbox 1058 2767 1149 2824; x_wconf 80' lang='lat' dir='ltr'>mota</span> <span class='ocrx_word' id='word_1_168' title='bbox 1162 2781 1244 2824; x_wconf 86' lang='lat' dir='ltr'>anus</span> <span class='ocrx_word' id='word_1_169' title='bbox 1258 2782 1360 2824; x_wconf 88' lang='lat' dir='ltr'>urna:</span> <span class='ocrx_word' id='word_1_170' title='bbox 1460 2799 1464 2804; x_wconf 93' lang='lat'><em>-</em></span> <span class='ocrx_word' id='word_1_171' title='bbox 1510 2752 1543 2812; x_wconf 78' lang='lat'>3⁰</span> 
     </span>
    </p>
   </div>
   <div class='ocr_carea' id='block_1_4' title="bbox 369 2868 1562 4618">
    <p class='ocr_par' dir='ltr' id='par_1_8' title="bbox 580 2868 1488 3289">
     <span class='ocr_line' id='line_1_20' title="bbox 581 2868 1471 2956; baseline -0.003 -19"><span class='ocrx_word' id='word_1_172' title='bbox 581 2873 680 2937; x_wconf 84' lang='lat' dir='ltr'>Hunc</span> <span class='ocrx_word' id='word_1_173' title='bbox 694 2892 798 2956; x_wconf 90' lang='lat' dir='ltr'>neque</span> <span class='ocrx_word' id='word_1_174' title='bbox 813 2870 883 2934; x_wconf 89' lang='lat' dir='ltr'>dira</span> <span class='ocrx_word' id='word_1_175' title='bbox 896 2892 1019 2934; x_wconf 89' lang='lat' dir='ltr'>venena</span> <span class='ocrx_word' id='word_1_176' title='bbox 1031 2891 1092 2935; x_wconf 87' lang='lat' dir='ltr'>nee</span> <span class='ocrx_word' id='word_1_177' title='bbox 1105 2871 1250 2935; x_wconf 86' lang='lat' dir='ltr'>hostiens</span> <span class='ocrx_word' id='word_1_178' title='bbox 1264 2873 1383 2936; x_wconf 82' lang='lat' dir='ltr'>auferet</span> <span class='ocrx_word' id='word_1_179' title='bbox 1395 2868 1471 2934; x_wconf 78' lang='lat' dir='ltr'>ensis</span> 
     </span>
     <span class='ocr_line' id='line_1_21' title="bbox 580 2981 1439 3066; baseline -0.002 -19"><span class='ocrx_word' id='word_1_180' title='bbox 580 2985 652 3048; x_wconf 87' lang='lat' dir='ltr'>Neo</span> <span class='ocrx_word' id='word_1_181' title='bbox 666 2983 803 3046; x_wconf 79' lang='lat' dir='ltr'>letemm</span> <span class='ocrx_word' id='word_1_182' title='bbox 817 2981 908 3045; x_wconf 92' lang='lat' dir='ltr'>dolor</span> <span class='ocrx_word' id='word_1_183' title='bbox 921 2989 979 3045; x_wconf 84' lang='lat' dir='ltr'>aut</span> <span class='ocrx_word' id='word_1_184' title='bbox 992 2981 1090 3044; x_wconf 84' lang='lat' dir='ltr'>tussis</span> <span class='ocrx_word' id='word_1_185' title='bbox 1104 3002 1164 3045; x_wconf 87' lang='lat' dir='ltr'>nee</span> <span class='ocrx_word' id='word_1_186' title='bbox 1178 2981 1272 3045; x_wconf 76' lang='lat' dir='ltr'>tarda</span> <span class='ocrx_word' id='word_1_187' title='bbox 1285 2983 1439 3066; x_wconf 84' lang='lat' dir='ltr'>podagra;</span> 
     </span>
     <span class='ocr_line' id='line_1_22' title="bbox 582 3089 1488 3176; baseline -0.003 -19"><span class='ocrx_word' id='word_1_188' title='bbox 582 3092 738 3158; x_wconf 80' lang='lat' dir='ltr'>Garrulus</span> <span class='ocrx_word' id='word_1_189' title='bbox 751 3091 838 3156; x_wconf 89' lang='lat' dir='ltr'>hune</span> <span class='ocrx_word' id='word_1_190' title='bbox 852 3089 980 3174; x_wconf 83' lang='lat' dir='ltr'>quando</span> <span class='ocrx_word' id='word_1_191' title='bbox 994 3099 1160 3155; x_wconf 76' lang='lat' dir='ltr'>consumet</span> <span class='ocrx_word' id='word_1_192' title='bbox 1174 3112 1332 3176; x_wconf 85' lang='lat' dir='ltr'>eumque:</span> <span class='ocrx_word' id='word_1_193' title='bbox 1354 3093 1488 3174; x_wconf 75' lang='lat' dir='ltr'>loquaoea</span> 
     </span>
     <span class='ocr_line' id='line_1_23' title="bbox 583 3201 1352 3289; baseline 0.003 -21"><span class='ocrx_word' id='word_1_194' title='bbox 583 3205 616 3268; x_wconf 87' lang='lat' dir='ltr'>Si</span> <span class='ocrx_word' id='word_1_195' title='bbox 632 3203 837 3289; x_wconf 65' lang='lat' dir='ltr'>suplantet,</span> <span class='ocrx_word' id='word_1_196' title='bbox 852 3201 950 3266; x_wconf 80' lang='lat' dir='ltr'>simul</span> <span class='ocrx_word' id='word_1_197' title='bbox 964 3208 1062 3284; x_wconf 87' lang='lat' dir='ltr'>atque</span> <span class='ocrx_word' id='word_1_198' title='bbox 1076 3203 1249 3268; x_wconf 76' lang='lat' dir='ltr'>adoleverit</span> <span class='ocrx_word' id='word_1_199' title='bbox 1263 3212 1352 3270; x_wconf 79' lang='lat' dir='ltr'>setas.</span> 
     </span>
    </p>

    <p class='ocr_par' dir='ltr' id='par_1_9' title="bbox 374 3310 1549 3400">
     <span class='ocr_line' id='line_1_24' title="bbox 374 3310 1549 3400; baseline 0.001 -19"><span class='ocrx_word' id='word_1_200' title='bbox 374 3353 420 3394; x_wconf 54' lang='grc' dir='ltr'>γη,</span> <span class='ocrx_word' id='word_1_201' title='bbox 431 3353 453 3393; x_wconf 53' lang='grc' dir='ltr'>ο,</span> <span class='ocrx_word' id='word_1_202' title='bbox 465 3353 483 3394; x_wconf 64' lang='grc' dir='ltr'>ι,</span> <span class='ocrx_word' id='word_1_203' title='bbox 493 3353 512 3394; x_wconf 73' lang='lat'>¹.</span> <span class='ocrx_word' id='word_1_204' title='bbox 523 3353 553 3393; x_wconf 70' lang='lat'>10¹</span> <span class='ocrx_word' id='word_1_205' title='bbox 580 3319 726 3384; x_wconf 72' lang='lat' dir='ltr'>vellium</span> <span class='ocrx_word' id='word_1_206' title='bbox 740 3324 809 3380; x_wconf 66' lang='lat' dir='ltr'>Grai</span> <span class='ocrx_word' id='word_1_207' title='bbox 824 3316 865 3379; x_wconf 72' lang='lat' dir='ltr'>dd</span> <span class='ocrx_word' id='word_1_208' title='bbox 878 3317 1001 3394; x_wconf 50' lang='lat' dir='ltr'>Velm,</span> <span class='ocrx_word' id='word_1_209' title='bbox 1018 3323 1133 3398; x_wconf 72' lang='lat' dir='ltr'>quarta</span> <span class='ocrx_word' id='word_1_210' title='bbox 1143 3317 1212 3398; x_wconf 65' lang='lat' dir='ltr'>jam</span> <span class='ocrx_word' id='word_1_211' title='bbox 1227 3323 1318 3400; x_wconf 67' lang='lat' dir='ltr'>parte</span> <span class='ocrx_word' id='word_1_212' title='bbox 1333 3317 1394 3382; x_wconf 72' lang='lat' dir='ltr'>diei</span> <span class='ocrx_word' id='word_1_213' title='bbox 1517 3310 1549 3369; x_wconf 68' lang='lat'>35</span> 
     </span>
    </p>

    <p class='ocr_par' dir='ltr' id='par_1_10' title="bbox 369 3427 1327 3623">
     <span class='ocr_line' id='line_1_25' title="bbox 369 3427 1327 3512; baseline 0 -20"><span class='ocrx_word' id='word_1_214' title='bbox 369 3467 446 3509; x_wconf 53' lang='grc' dir='ltr'>,Μ</span> <span class='ocrx_word' id='word_1_215' title='bbox 464 3469 553 3510; x_wconf 82' lang='lat'>1‚1.11.</span> <span class='ocrx_word' id='word_1_216' title='bbox 583 3429 759 3505; x_wconf 77' lang='lat' dir='ltr'>Praeterito,</span> <span class='ocrx_word' id='word_1_217' title='bbox 773 3435 807 3492; x_wconf 81' lang='lat' dir='ltr'>et</span> <span class='ocrx_word' id='word_1_218' title='bbox 822 3449 898 3492; x_wconf 84' lang='lat' dir='ltr'>casn</span> <span class='ocrx_word' id='word_1_219' title='bbox 912 3435 991 3491; x_wconf 86' lang='lat' dir='ltr'>tunc</span> <span class='ocrx_word' id='word_1_220' title='bbox 1005 3427 1198 3512; x_wconf 86' lang='lat' dir='ltr'>respondere</span> <span class='ocrx_word' id='word_1_221' title='bbox 1211 3429 1327 3492; x_wconf 84' lang='lat' dir='ltr'>vadato</span> 
     </span>
     <span class='ocr_line' id='line_1_26' title="bbox 581 3539 1319 3623; baseline 0 -19"><span class='ocrx_word' id='word_1_222' title='bbox 581 3540 729 3604; x_wconf 86' lang='lat' dir='ltr'>Debebat</span> <span class='ocrx_word' id='word_1_223' title='bbox 737 3565 746 3619; x_wconf 74' lang='grc' dir='ltr'><strong><em>ς</em></strong></span> <span class='ocrx_word' id='word_1_224' title='bbox 770 3539 856 3623; x_wconf 92' lang='lat' dir='ltr'>quod</span> <span class='ocrx_word' id='word_1_225' title='bbox 871 3540 906 3602; x_wconf 91' lang='lat' dir='ltr'>ni</span> <span class='ocrx_word' id='word_1_226' title='bbox 919 3539 1056 3618; x_wconf 79' lang='lat' dir='ltr'>fecisset,</span> <span class='ocrx_word' id='word_1_227' title='bbox 1072 3539 1204 3623; x_wconf 85' lang='lat' dir='ltr'>perdere</span> <span class='ocrx_word' id='word_1_228' title='bbox 1217 3540 1319 3604; x_wconf 81' lang='lat' dir='ltr'>litem.</span> 
     </span>
    </p>

    <p class='ocr_par' dir='ltr' id='par_1_11' title="bbox 429 3647 1486 3735">
     <span class='ocr_line' id='line_1_27' title="bbox 429 3647 1486 3735; baseline -0.008 -17"><span class='ocrx_word' id='word_1_229' title='bbox 429 3679 443 3718; x_wconf 90' lang='lat' dir='ltr'>s</span> <span class='ocrx_word' id='word_1_230' title='bbox 460 3680 479 3720; x_wconf 85' lang='lat' dir='ltr'>a.</span> <span class='ocrx_word' id='word_1_231' title='bbox 489 3681 508 3719; x_wconf 82' lang='lat' dir='ltr'>a.</span> <span class='ocrx_word' id='word_1_232' title='bbox 519 3681 550 3722; x_wconf 81' lang='grc' dir='ltr'>ιι.</span> <span class='ocrx_word' id='word_1_233' title='bbox 582 3652 617 3714; x_wconf 87' lang='lat' dir='ltr'>Si</span> <span class='ocrx_word' id='word_1_234' title='bbox 632 3673 685 3715; x_wconf 87' lang='lat' dir='ltr'>me</span> <span class='ocrx_word' id='word_1_235' title='bbox 698 3673 795 3730; x_wconf 86' lang='lat' dir='ltr'>amas,</span> <span class='ocrx_word' id='word_1_236' title='bbox 812 3650 928 3735; x_wconf 87' lang='lat' dir='ltr'>inquit,</span> <span class='ocrx_word' id='word_1_237' title='bbox 943 3652 1074 3734; x_wconf 73' lang='lat' dir='ltr'>patilum</span> <span class='ocrx_word' id='word_1_238' title='bbox 1088 3651 1142 3714; x_wconf 83' lang='lat' dir='ltr'>hio</span> <span class='ocrx_word' id='word_1_239' title='bbox 1157 3651 1242 3715; x_wconf 87' lang='lat' dir='ltr'>ades.</span> <span class='ocrx_word' id='word_1_240' title='bbox 1287 3647 1486 3716; x_wconf 79' lang='lat' dir='ltr'>Intereamsi</span> 
     </span>
    </p>

    <p class='ocr_par' dir='ltr' id='par_1_12' title="bbox 381 3731 1562 4618">
     <span class='ocr_line' id='line_1_28' title="bbox 381 3731 1239 3844; baseline -0.002 -18"><span class='ocrx_word' id='word_1_241' title='bbox 381 3732 412 3774; x_wconf 41' lang='grc' dir='ltr'>’τ’</span> <span class='ocrx_word' id='word_1_242' title='bbox 425 3731 445 3772; x_wconf 47' lang='grc' dir='ltr'>θ’</span> <span class='ocrx_word' id='word_1_243' title='bbox 456 3733 474 3771; x_wconf 59' lang='lat'>²</span> <span class='ocrx_word' id='word_1_244' title='bbox 486 3731 504 3771; x_wconf 65' lang='lat'>¹⁸</span> <span class='ocrx_word' id='word_1_245' title='bbox 514 3733 533 3771; x_wconf 47' lang='grc' dir='ltr'>θ’</span> <span class='ocrx_word' id='word_1_246' title='bbox 581 3763 650 3828; x_wconf 82' lang='lat' dir='ltr'>Aut</span> <span class='ocrx_word' id='word_1_247' title='bbox 665 3763 754 3827; x_wconf 89' lang='lat' dir='ltr'>valeo</span> <span class='ocrx_word' id='word_1_248' title='bbox 769 3769 853 3826; x_wconf 82' lang='lat' dir='ltr'>stare</span> <span class='ocrx_word' id='word_1_249' title='bbox 869 3770 925 3826; x_wconf 84' lang='lat' dir='ltr'>aut</span> <span class='ocrx_word' id='word_1_250' title='bbox 938 3763 1015 3826; x_wconf 84' lang='lat' dir='ltr'>novi</span> <span class='ocrx_word' id='word_1_251' title='bbox 1028 3762 1134 3825; x_wconf 85' lang='lat' dir='ltr'>civilia</span> <span class='ocrx_word' id='word_1_252' title='bbox 1143 3761 1239 3844; x_wconf 81' lang='lat' dir='ltr'>jura3</span> 
     </span>
     <span class='ocr_line' id='line_1_29' title="bbox 581 3863 1557 3957; baseline -0.006 -21"><span class='ocrx_word' id='word_1_253' title='bbox 581 3875 625 3936; x_wconf 87' lang='lat' dir='ltr'>Et</span> <span class='ocrx_word' id='word_1_254' title='bbox 639 3893 773 3957; x_wconf 88' lang='lat' dir='ltr'>propero</span> <span class='ocrx_word' id='word_1_255' title='bbox 785 3893 848 3954; x_wconf 91' lang='lat' dir='ltr'>quo</span> <span class='ocrx_word' id='word_1_256' title='bbox 859 3873 931 3936; x_wconf 86' lang='lat' dir='ltr'>seis.</span> <span class='ocrx_word' id='word_1_257' title='bbox 962 3871 1089 3935; x_wconf 89' lang='lat' dir='ltr'>Dubius</span> <span class='ocrx_word' id='word_1_258' title='bbox 1097 3893 1169 3934; x_wconf 88' lang='lat' dir='ltr'>sum</span> <span class='ocrx_word' id='word_1_259' title='bbox 1181 3871 1259 3954; x_wconf 89' lang='lat' dir='ltr'>quid</span> <span class='ocrx_word' id='word_1_260' title='bbox 1272 3871 1397 3948; x_wconf 65' lang='lat' dir='ltr'>facum,</span> <span class='ocrx_word' id='word_1_261' title='bbox 1406 3866 1513 3951; x_wconf 86' lang='lat' dir='ltr'>inquit,</span> <span class='ocrx_word' id='word_1_262' title='bbox 1523 3863 1557 3924; x_wconf 74' lang='grc'>40</span> 
     </span>
     <span class='ocr_line' id='line_1_30' title="bbox 580 3974 1557 4064; baseline -0.001 -16"><span class='ocrx_word' id='word_1_263' title='bbox 580 3983 667 4048; x_wconf 78' lang='lat' dir='ltr'>&#39;lene</span> <span class='ocrx_word' id='word_1_264' title='bbox 681 3982 860 4064; x_wconf 77' lang='lat' dir='ltr'>relinquam</span> <span class='ocrx_word' id='word_1_265' title='bbox 876 4003 918 4044; x_wconf 92' lang='lat' dir='ltr'>an</span> <span class='ocrx_word' id='word_1_266' title='bbox 931 4002 1013 4046; x_wconf 88' lang='lat' dir='ltr'>rem.</span> <span class='ocrx_word' id='word_1_267' title='bbox 1056 3981 1125 4059; x_wconf 90' lang='lat' dir='ltr'>Me,</span> <span class='ocrx_word' id='word_1_268' title='bbox 1141 3981 1243 4045; x_wconf 75' lang='lat' dir='ltr'>sodes</span> <span class='ocrx_word' id='word_1_269' title='bbox 1289 3982 1366 4046; x_wconf 92' lang='lat' dir='ltr'>Non</span> <span class='ocrx_word' id='word_1_270' title='bbox 1376 3980 1497 4054; x_wconf 82' lang='lat' dir='ltr'>faciam,</span> <span class='ocrx_word' id='word_1_271' title='bbox 1505 3974 1557 4046; x_wconf 74' lang='lat' dir='ltr'>ile,</span> 
     </span>
     <span class='ocr_line' id='line_1_31' title="bbox 580 4091 1496 4176; baseline -0.007 -20"><span class='ocrx_word' id='word_1_272' title='bbox 580 4095 625 4156; x_wconf 87' lang='lat' dir='ltr'>Et</span> <span class='ocrx_word' id='word_1_273' title='bbox 639 4092 814 4176; x_wconf 81' lang='lat' dir='ltr'>praeoedere</span> <span class='ocrx_word' id='word_1_274' title='bbox 829 4093 948 4176; x_wconf 80' lang='lat' dir='ltr'>eoepit3</span> <span class='ocrx_word' id='word_1_275' title='bbox 970 4112 1042 4175; x_wconf 85' lang='lat' dir='ltr'>ego,</span> <span class='ocrx_word' id='word_1_276' title='bbox 1057 4099 1096 4155; x_wconf 79' lang='lat' dir='ltr'>ut</span> <span class='ocrx_word' id='word_1_277' title='bbox 1110 4091 1304 4156; x_wconf 79' lang='lat' dir='ltr'>oontendere</span> <span class='ocrx_word' id='word_1_278' title='bbox 1318 4092 1434 4156; x_wconf 90' lang='lat' dir='ltr'>durum</span> <span class='ocrx_word' id='word_1_279' title='bbox 1449 4097 1496 4152; x_wconf 76' lang='lat' dir='ltr'>eu</span> 
     </span>
     <span class='ocr_line' id='line_1_32' title="bbox 582 4199 1480 4286; baseline -0.007 -18"><span class='ocrx_word' id='word_1_280' title='bbox 582 4205 664 4268; x_wconf 89' lang='lat' dir='ltr'>Cum</span> <span class='ocrx_word' id='word_1_281' title='bbox 679 4203 808 4281; x_wconf 78' lang='lat' dir='ltr'>victore,</span> <span class='ocrx_word' id='word_1_282' title='bbox 824 4223 950 4286; x_wconf 85' lang='lat' dir='ltr'>sequor.</span> <span class='ocrx_word' id='word_1_283' title='bbox 995 4203 1159 4267; x_wconf 80' lang='lat' dir='ltr'>Maecenas</span> <span class='ocrx_word' id='word_1_284' title='bbox 1173 4202 1335 4285; x_wconf 89' lang='lat' dir='ltr'>quomodo</span> <span class='ocrx_word' id='word_1_285' title='bbox 1348 4199 1480 4266; x_wconf 71' lang='lat' dir='ltr'>lecum?</span> 
     </span>
     <span class='ocr_line' id='line_1_33' title="bbox 583 4311 1561 4397; baseline -0.003 -21"><span class='ocrx_word' id='word_1_286' title='bbox 583 4315 671 4378; x_wconf 86' lang='lat' dir='ltr'>Hine</span> <span class='ocrx_word' id='word_1_287' title='bbox 685 4313 820 4396; x_wconf 79' lang='lat' dir='ltr'>repetit3</span> <span class='ocrx_word' id='word_1_288' title='bbox 843 4333 1018 4397; x_wconf 88' lang='lat' dir='ltr'>pauoorum</span> <span class='ocrx_word' id='word_1_289' title='bbox 1026 4311 1196 4376; x_wconf 89' lang='lat' dir='ltr'>hominum</span> <span class='ocrx_word' id='word_1_290' title='bbox 1207 4321 1241 4377; x_wconf 89' lang='lat' dir='ltr'>et</span> <span class='ocrx_word' id='word_1_291' title='bbox 1251 4313 1371 4376; x_wconf 85' lang='lat' dir='ltr'>mentis</span> <span class='ocrx_word' id='word_1_292' title='bbox 1381 4312 1461 4376; x_wconf 89' lang='lat' dir='ltr'>bene</span> <span class='ocrx_word' id='word_1_293' title='bbox 1469 4327 1561 4373; x_wconf 80' lang='lat' dir='ltr'>sanae;</span> 
     </span>
     <span class='ocr_line' id='line_1_34' title="bbox 581 4419 1562 4490; baseline -0.001 -2"><span class='ocrx_word' id='word_1_294' title='bbox 581 4427 688 4490; x_wconf 88' lang='lat' dir='ltr'>Nemo</span> <span class='ocrx_word' id='word_1_295' title='bbox 703 4423 864 4488; x_wconf 82' lang='lat' dir='ltr'>dexterius</span> <span class='ocrx_word' id='word_1_296' title='bbox 878 4423 1009 4486; x_wconf 83' lang='lat' dir='ltr'>fortuna</span> <span class='ocrx_word' id='word_1_297' title='bbox 1021 4430 1071 4487; x_wconf 82' lang='lat' dir='ltr'>est</span> <span class='ocrx_word' id='word_1_298' title='bbox 1085 4445 1172 4488; x_wconf 89' lang='lat' dir='ltr'>usus.</span> <span class='ocrx_word' id='word_1_299' title='bbox 1215 4423 1366 4487; x_wconf 71' lang='lat' dir='ltr'>Habesos</span> <span class='ocrx_word' id='word_1_300' title='bbox 1529 4419 1562 4479; x_wconf 72' lang='grc'>45</span> 
     </span>
     <span class='ocr_line' id='line_1_35' title="bbox 583 4533 1418 4618; baseline 0 -20"><span class='ocrx_word' id='word_1_301' title='bbox 583 4537 742 4618; x_wconf 86' lang='lat' dir='ltr'>Magnum</span> <span class='ocrx_word' id='word_1_302' title='bbox 757 4533 946 4618; x_wconf 81' lang='lat' dir='ltr'>adjutorem,</span> <span class='ocrx_word' id='word_1_303' title='bbox 961 4541 1070 4617; x_wconf 81' lang='lat' dir='ltr'>posset</span> <span class='ocrx_word' id='word_1_304' title='bbox 1085 4535 1141 4617; x_wconf 93' lang='lat' dir='ltr'>qui</span> <span class='ocrx_word' id='word_1_305' title='bbox 1154 4534 1238 4598; x_wconf 81' lang='lat' dir='ltr'>ferre</span> <span class='ocrx_word' id='word_1_306' title='bbox 1251 4534 1418 4610; x_wconf 80' lang='lat' dir='ltr'>secundas,</span> 
     </span>
    </p>
   </div>
   <div class='ocr_carea' id='block_1_5' title="bbox 664 4663 1498 4792">
    <p class='ocr_par' dir='ltr' id='par_1_13' title="bbox 664 4663 1498 4792">
     <span class='ocr_line' id='line_1_36' title="bbox 664 4663 1498 4729; baseline 0.002 -17"><span class='ocrx_word' id='word_1_307' title='bbox 664 4665 703 4714; x_wconf 82' lang='lat'>16.</span> <span class='ocrx_word' id='word_1_308' title='bbox 721 4665 866 4725; x_wconf 83' lang='lat' dir='ltr'>Persequar</span> <span class='ocrx_word' id='word_1_309' title='bbox 876 4665 1035 4724; x_wconf 75' lang='lat' dir='ltr'>hino,...est›i,</span> <span class='ocrx_word' id='word_1_310' title='bbox 1049 4663 1103 4729; x_wconf 83' lang='grc' dir='ltr'>(Ο.)</span> <span class='ocrx_word' id='word_1_311' title='bbox 1178 4665 1219 4718; x_wconf 76' lang='lat'>27.</span> <span class='ocrx_word' id='word_1_312' title='bbox 1238 4666 1378 4729; x_wconf 73' lang='lat' dir='ltr'>lsalrost;</span> <span class='ocrx_word' id='word_1_313' title='bbox 1389 4669 1458 4727; x_wconf 71' lang='lat' dir='ltr'>haut,</span> <span class='ocrx_word' id='word_1_314' title='bbox 1471 4667 1498 4714; x_wconf 83' lang='lat' dir='ltr'>S.</span> 
     </span>
     <span class='ocr_line' id='line_1_37' title="bbox 856 4731 1281 4792; baseline 0.014 -15"><span class='ocrx_word' id='word_1_315' title='bbox 856 4732 896 4777; x_wconf 75' lang='lat'>42.</span> <span class='ocrx_word' id='word_1_316' title='bbox 915 4731 1058 4780; x_wconf 70' lang='lat' dir='ltr'>idus-umal</span> <span class='ocrx_word' id='word_1_317' title='bbox 1070 4751 1078 4792; x_wconf 67' lang='grc' dir='ltr'><strong>ς</strong></span> <span class='ocrx_word' id='word_1_318' title='bbox 1095 4736 1139 4781; x_wconf 79' lang='lat' dir='ltr'>est</span> <span class='ocrx_word' id='word_1_319' title='bbox 1149 4749 1195 4781; x_wconf 87' lang='lat' dir='ltr'>om.</span> <span class='ocrx_word' id='word_1_320' title='bbox 1207 4733 1281 4783; x_wconf 73' lang='lat' dir='ltr'><strong><em>MSS.</em></strong></span> 
     </span>
    </p>
   </div>
   <div class='ocr_carea' id='block_1_6' title="bbox 0 0 1735 5667">
    <p class='ocr_par' dir='ltr' id='par_1_14' title="bbox 0 0 1735 5667">
     <span class='ocr_line' id='line_1_38' title="bbox 0 0 1735 5667; baseline 0 0"><span class='ocrx_word' id='word_1_321' title='bbox 0 0 1735 5667; x_wconf 95' lang='lat' dir='ltr'> </span> 
     </span>
    </p>
   </div>
  </div>
 </body>
</html>
