3450 5667
507 731 731 790 eARMINUM
765 733 844 790 ΠΒ.
867 734 912 792 II.
936 734 975 791 xi.

174 898 203 956 10
276 897 382 974 Pinna,
397 905 431 960 et
446 896 539 961 eelsoe
555 897 699 980 graviore
714 917 790 961 easu

274 1007 431 1072 Decidunt
444 1016 561 1086 turres,
577 1007 761 1092 feriuntque
775 1030 919 1073 summos

440 1119 585 1203 Fulgore
599 1129 735 1184 montes.

278 1255 385 1338 Sperat
398 1255 534 1333 infestis,
551 1253 669 1318 metuit
683 1256 830 1320 secundis

276 1365 414 1428 Alteram
428 1373 548 1430 sortem
563 1365 645 1429 bene
663 1375 877 1450 preparatum

194 1477 204 1490 '
277 1475 398 1540 Pectus.
441 1475 597 1541 Informis
611 1473 734 1539 hiemes
748 1476 874 1540 reducit

441 1587 462 1650 J
463 1585 601 1670 uppiter,
617 1584 703 1648 idem

280 1722 466 1788 Summovee.
510 1723 602 1802 Non,
617 1723 644 1786 si
659 1723 743 1786 male
757 1743 854 1801 nune,
870 1730 903 1788 et
917 1723 995 1788 olim

281 1832 330 1895 Sic
344 1834 410 1898 erit.
454 1833 628 1900 Quondam
643 1831 767 1896 eithara
780 1840 942 1898 tacentem

281 1943 411 2008 Suscitat
425 1946 567 2022 Musam,
583 1965 688 2026 neque
703 1965 827 2028 semper
842 1967 953 2010 areum

443 2055 559 2119 Tendit
574 2055 702 2139 Apollo.

282 2189 382 2254 Rebus
396 2192 537 2275 angustis
552 2163 714 2256 aiiimosus
729 2200 825 2276 atque

283 2300 381 2365 Fortis
395 2323 507 2387 appare
515 2329 526 2381 3
549 2304 711 2386 sapienter
724 2302 809 2368 idem

282 2412 448 2477 Contrahes
461 2421 557 2478 vento
571 2413 709 2478 nimium
725 2413 865 2478 seeundo

441 2524 581 2608 ‘Purgida
594 2523 674 2590 vela.

604 2919 666 2984 XI.

285 3053 369 3118 Qum
383 3052 547 3118 bellicosus
561 3053 733 3131 Cantaber,
750 3061 786 3117 et
800 3053 947 3139 Scythes,

284 3162 409 3248 Hirpine
424 3167 548 3242 Quinti,
565 3167 684 3250 eogitet
699 3165 824 3229 Hadria

321 3275 442 3340 Divinus
457 3277 594 3359 objecto,
611 3277 756 3340 remittas

362 3388 508 3454 Quaerere
521 3412 529 3451 :
553 3407 612 3451 nee
627 3387 764 3470 trepides
778 3387 814 3450 in
827 3409 924 3450 usum

197 3518 209 3528 '
281 3520 434 3586 Poseentis
449 3522 507 3587 aevi
522 3543 632 3606 pauca.
679 3522 776 3606 Fugit
790 3531 877 3587 retro

285 3631 365 3697 Levis
380 3636 546 3712 iuventas,
561 3642 595 3697 et
609 3633 733 3712 Deeor3
757 3634 847 3698 arida
912 3667 919 3678 ·

319 3746 456 3810 Pellente
471 3746 604 3810 lascivos
618 3748 757 3811 Amores

357 3858 481 3922 canitie
495 3857 684 3940 facilemque
701 3857 870 3956 Somnum.

280 3989 349 4054 Non
362 4013 486 4076 semper
499 3992 586 4056 idem
602 3990 733 4055 floribus
748 3997 796 4053 est
811 3989 915 4054 honor

280 4099 406 4183 Vemis3
429 4123 535 4186 neque
549 4124 615 4166 uno
631 4103 725 4167 Luna
738 4100 856 4164 rubens
871 4101 954 4166 nitet

317 4221 414 4284 Vultu
430 4246 437 4284 ε
462 4217 538 4303 quid
554 4217 681 4282 aeternis
695 4217 852 4280 minorem

357 4330 505 4395 Consiliis
519 4329 664 4392 animum
679 4327 819 4410 fatigas?
883 4413 888 4422 1

278 4475 338 4540 Cur
349 4499 414 4542 non
429 4477 489 4541 sub
505 4477 572 4540 alta
585 4476 636 4540 vel
649 4475 779 4559 platano
794 4472 844 4538 vel
858 4472 920 4534 hae

280 4587 357 4652 Pinn
366 4591 510 4674 jacentes
524 4587 569 4651 sie
584 4595 715 4690 temere,
731 4593 764 4650 et
778 4605 850 4648 rosa

282 4762 303 4796 x.
320 4749 357 4798 12.
373 4749 490 4798 fulmina.
559 4747 598 4796 15.
615 4747 747 4796 informes.
848 4755 884 4789 xl.
902 4741 944 4789 11.
960 4739 1043 4788 vultu.
