3450 5667
497 801 718 859 semrom
724 801 786 858 Uni
820 802 899 859 ΗΒ.
921 803 948 861 Ι.
970 804 1047 860 xviii.

241 959 287 1023 Ut
299 979 430 1042 puerum
445 980 530 1024 saevo
545 961 655 1024 credas
670 960 791 1025 dictata
806 961 961 1045 magistro

242 1067 378 1134 Reddere
392 1069 442 1133 vel
457 1077 565 1152 partes
579 1070 716 1133 mimum
732 1077 872 1135 tractare
886 1072 1053 1136 secundas.

187 1177 220 1237 15
241 1177 329 1242 Alter
342 1179 463 1242 rixatur
478 1179 517 1242 de
531 1179 606 1242 lana
620 1201 706 1264 saepe
720 1181 859 1262 caprina,

241 1288 419 1370 Pmpugnat
433 1288 529 1370 nugis
544 1297 686 1352 armatus
698 1313 705 1352 :
732 1289 873 1368 Scilicet,
888 1297 1008 1354 utnon

244 1397 290 1459 Sit
303 1398 381 1461 mihi
395 1399 500 1481 prima
514 1397 593 1461 fides
608 1405 641 1461 et
655 1419 728 1462 vere
743 1398 830 1480 quod
844 1399 950 1482 placet
963 1409 1002 1463 ut
1016 1421 1084 1465 non

241 1507 363 1570 Acriter
375 1507 533 1572 ciatrem?
556 1507 702 1571 Pretium
717 1515 795 1572 astas
809 1508 910 1571 altera
924 1509 1043 1573 sordet.

243 1616 419 1698 Ambigitur
434 1616 511 1699 quid
523 1605 633 1680 enimi
649 1617 764 1681 Castor
775 1617 856 1680 sciat
868 1639 908 1680 an
918 1617 1072 1682 Dolichos
1080 1620 1171 1703 plus3

189 1724 224 1784 20
243 1723 442 1788 Brundisium
457 1726 585 1788 Minuci
602 1726 717 1789 melius
732 1725 783 1788 via
796 1725 895 1790 ducat
909 1749 951 1789 an
965 1729 1061 1810 Appi.

244 1834 343 1899 Quem
358 1835 511 1898 damnosa
524 1837 647 1913 Venus,
664 1856 760 1918 quem
775 1855 916 1919 praeceps
931 1837 1000 1900 alea
1014 1838 1126 1916 nudat,
1182 1857 1226 1900 aa.
1235 1857 1260 1899 c.
1269 1859 1289 1899 ι.
1298 1859 1331 1899 ιι
1340 1860 1373 1900 rs.

245 1944 347 2008 Gloria
363 1966 458 2028 quem
473 1967 570 2028 supra
584 1945 665 2009 vires
681 1953 714 2009 et
729 1945 825 2009 vestit
840 1953 874 2009 ct
887 1947 994 2028 ungit,
1183 1983 1216 2014 ιι.
1226 1971 1251 2013 c.
1261 1973 1280 2012 1.
1290 1973 1322 2014 ιιι
1331 1973 1364 2014 ιι.

246 2053 343 2117 Quem
358 2063 447 2119 tenet
463 2055 586 2138 argenti
602 2055 673 2119 sitis
688 2056 874 2138 importuna
888 2055 1063 2138 famesque,
1183 2086 1235 2136 ιη,
1245 2086 1299 2128 (ιι,
1309 2087 1339 2128 n.
1349 2088 1382 2130 ῃ,

245 2164 341 2229 Quem
357 2166 552 2249 paupertatis
567 2164 670 2249 pudor
684 2173 718 2229 et
732 2165 820 2248 suga,
837 2165 924 2228 dives
939 2165 1073 2244 amicus,
1184 2186 1364 2238 anonam.

192 2273 225 2332 25
245 2274 328 2357 Saepe
341 2275 451 2340 decem
466 2277 552 2340 vitiis
567 2276 763 2353 instructior,
780 2275 850 2339 odit
865 2283 900 2338 et
920 2273 1042 2353 horret,

243 2385 315 2461 Aut,
330 2386 355 2448 si
370 2406 436 2450 non
450 2385 530 2464 odit,
546 2385 630 2468 regit
644 2405 681 2448 ac
696 2385 796 2476 reluti
812 2385 868 2468 pia
881 2391 986 2446 mater

245 2492 316 2556 Plus
330 2515 426 2577 quam
440 2515 474 2558 se
489 2515 599 2577 sapere
614 2501 647 2558 et
662 2493 834 2558 virtutibus
849 2514 918 2556 esse
933 2493 1071 2576 priorem

250 2601 332 2681 Volt,
347 2611 380 2667 et
395 2603 442 2666 ait
455 2623 553 2686 prope
568 2623 659 2666 vera:
683 2601 782 2682 Meae,
798 2602 992 2666 contendere
1006 2603 1084 2681 noli,
1184 2639 1231 2668 ιιι.
1242 2626 1263 2668 s.
1272 2628 1292 2668 ι.
1301 2628 1321 2669 ι.
1330 2627 1376 2668 ιιι.

248 2713 417 2777 Stultitiam
432 2713 599 2798 patiuntur
612 2735 688 2795 opes
697 2739 707 2791 ;
730 2713 788 2777 tibi
805 2714 938 2796 parvula
949 2734 1001 2776 res
1015 2722 1083 2777 est:

195 2819 228 2880 30
249 2823 322 2886 Arta
335 2824 425 2888 decet
439 2846 554 2888 sanum
570 2823 721 2887 comitem
736 2830 835 2905 toga3
857 2822 967 2886 desine
983 2845 1110 2886 mecum

248 2931 377 2997 Cartare.
423 2933 626 3018 Eutrapelus,
643 2933 834 3015 cuicumque
848 2954 964 2996 nocere
978 2931 1116 3011 volebat,

246 3039 438 3108 Vestimenta
452 3041 551 3106 dabat
565 3033 722 3126 pretiosi:
747 3041 860 3106 beatus
874 3042 961 3106 enim
971 3042 1041 3125 jam

247 3149 321 3214 Cum
334 3153 473 3236 pulchris
487 3152 606 3216 tunicis
621 3159 726 3215 sumet
742 3173 824 3216 nova
838 3152 972 3216 consilia
985 3160 1018 3216 et
1033 3174 1114 3236 spes,

248 3258 382 3327 Dormiet
395 3264 432 3325 in
445 3264 563 3339 lucem,
579 3271 684 3326 scorta
698 3269 870 3346 postponet
884 3263 1056 3326 honestum

198 3365 230 3426 35
249 3369 398 3450 Officium,
413 3393 565 3436 nummos
580 3372 699 3435 alienos
714 3384 833 3455 pascet,
851 3373 1010 3436 adimam

251 3479 344 3544 Thrax
358 3483 420 3546 erit
434 3491 491 3545 aut
505 3481 628 3544 olitoris
642 3489 716 3564 aget
731 3482 877 3546 mercede
892 3482 1061 3546 caballum.
1185 3509 1234 3550 rar.
1246 3509 1266 3551 s.
1276 3510 1296 3550 ι.
1305 3511 1325 3550 ι.
1335 3511 1367 3552 ιι

248 3589 398 3656 Arcanum
413 3613 518 3675 neque
534 3599 571 3655 tu
586 3591 778 3655 scrutaberis
792 3591 879 3656 illius
894 3613 1047 3686 unquam,

248 3699 514 3787 Commissumqua
528 3710 618 3784 teges
633 3709 666 3765 ct
680 3702 755 3766 rino
770 3709 876 3766 tortus
890 3709 924 3766 et
938 3702 1007 3779 ira,
1183 3727 1225 3766 or.
1234 3725 1261 3765 ι.
1272 3723 1295 3766 r.
1304 3725 1350 3765 aa.

247 3807 310 3874 Nec
322 3819 378 3876 tua
391 3812 536 3875 laudabis
550 3811 657 3875 studia
670 3819 727 3875 aut
742 3812 845 3876 aliena
859 3812 1040 3895 reprendes,

197 3917 231 3976 40
248 3917 319 3998 Nec,
334 3943 406 3985 cum
421 3922 529 3985 venari
545 3921 631 3985 volet
645 3921 709 3999 ille,
725 3924 876 4004 poemata
889 3943 1017 4006 pangas.

249 4028 350 4094 Gratia
363 4032 409 4095 sic
423 4031 560 4095 fratrum
575 4031 788 4114 geminorum,
803 4033 996 4116 Amphionis
1011 4039 1106 4114 atque

251 4137 343 4220 Zethi,
359 4141 507 4219 dissiluit,
524 4141 625 4205 donec
640 4147 788 4225 suspecta
801 4163 911 4207 severo

248 4248 399 4314 Conticuit
414 4252 511 4334 lyra·
539 4251 706 4314 Fraternis
721 4252 850 4315 cessisse
865 4260 998 4335 putatur

249 4357 385 4425 Moribus
400 4361 586 4445 Amphion:
611 4368 648 4424 tn
663 4361 739 4424 cede
754 4363 895 4444 potentis
910 4360 1005 4425 amici

199 4465 230 4525 45
249 4467 379 4536 Lenibus
392 4473 548 4556 imperiis,
566 4472 777 4555 quotiensque
793 4472 907 4536 educet
921 4473 957 4535 in
972 4492 1065 4554 agros

249 4579 354 4646 AEtalis
367 4591 499 4647 onerata
513 4583 616 4666 plagis
627 4583 778 4665 jumenta
793 4603 961 4665 canesque,
1099 4640 1103 4646 .
1181 4606 1244 4649 aco.
1255 4607 1280 4648 a.
1291 4609 1309 4650 1.
1318 4611 1338 4652 s.
1347 4611 1381 4652 aa

472 4743 513 4793 35.
532 4759 633 4794 numos.
701 4745 742 4794 45.
758 4743 872 4806 quoties.
931 4768 935 4776 ·
