<?xml version="1.0" encoding="UTF-8"?>
<!DOCTYPE html PUBLIC "-//W3C//DTD XHTML 1.0 Transitional//EN"
    "http://www.w3.org/TR/xhtml1/DTD/xhtml1-transitional.dtd">
<html xmlns="http://www.w3.org/1999/xhtml" xml:lang="en" lang="en">
 <head>
  <title>
</title>
<meta http-equiv="Content-Type" content="text/html;charset=utf-8" />
  <meta name='ocr-system' content='tesseract 3.04.00' />
  <meta name='ocr-capabilities' content='ocr_page ocr_carea ocr_par ocr_line ocrx_word'/>
</head>
<body>
  <div class='ocr_page' id='page_1' title='image "./quintihoratifla01horagoog_0234.png"; bbox 0 0 3450 5667; ppageno 0'>
   <div class='ocr_carea' id='block_1_1' title="bbox 729 753 1110 828">
    <p class='ocr_par' dir='ltr' id='par_1_1' title="bbox 729 753 1110 828">
     <span class='ocr_line' id='line_1_1' title="bbox 729 753 1110 828; baseline 0.003 -16"><span class='ocrx_word' id='word_1_1' title='bbox 729 753 763 828; x_wconf 78' lang='lat' dir='ltr'><strong>o.</strong></span> <span class='ocrx_word' id='word_1_2' title='bbox 784 753 943 813; x_wconf 69' lang='lat' dir='ltr'><strong>nonan</strong></span> <span class='ocrx_word' id='word_1_3' title='bbox 963 753 1110 814; x_wconf 66' lang='lat' dir='ltr'><strong>rancor</strong></span> 
     </span>
    </p>
   </div>
   <div class='ocr_carea' id='block_1_2' title="bbox 307 916 1525 4001">
    <p class='ocr_par' dir='ltr' id='par_1_2' title="bbox 307 916 1525 4001">
     <span class='ocr_line' id='line_1_2' title="bbox 524 916 1306 999; baseline 0.004 -18"><span class='ocrx_word' id='word_1_4' title='bbox 524 916 626 982; x_wconf 82' lang='lat' dir='ltr'><strong>Filius</strong></span> <span class='ocrx_word' id='word_1_5' title='bbox 638 917 831 983; x_wconf 89' lang='lat' dir='ltr'><strong>immaturus</strong></span> <span class='ocrx_word' id='word_1_6' title='bbox 845 919 977 999; x_wconf 85' lang='lat' dir='ltr'><strong>obisset,</strong></span> <span class='ocrx_word' id='word_1_7' title='bbox 991 920 1078 984; x_wconf 88' lang='lat' dir='ltr'><strong>flere.</strong></span> <span class='ocrx_word' id='word_1_8' title='bbox 1124 918 1208 988; x_wconf 80' lang='lat' dir='ltr'><strong>Quis</strong></span> <span class='ocrx_word' id='word_1_9' title='bbox 1221 925 1306 984; x_wconf 85' lang='lat' dir='ltr'><strong>esset</strong></span> 
     </span>
     <span class='ocr_line' id='line_1_3' title="bbox 523 1029 1525 1114; baseline 0.003 -22"><span class='ocrx_word' id='word_1_10' title='bbox 523 1029 623 1108; x_wconf 80' lang='lat' dir='ltr'>Finis,</span> <span class='ocrx_word' id='word_1_11' title='bbox 639 1029 673 1093; x_wconf 89' lang='lat' dir='ltr'><strong>ni</strong></span> <span class='ocrx_word' id='word_1_12' title='bbox 688 1031 813 1114; x_wconf 85' lang='lat' dir='ltr'><strong>sapiens</strong></span> <span class='ocrx_word' id='word_1_13' title='bbox 827 1031 874 1095; x_wconf 92' lang='lat' dir='ltr'><strong>sic</strong></span> <span class='ocrx_word' id='word_1_14' title='bbox 888 1031 1114 1096; x_wconf 73' lang='lat' dir='ltr'><strong>Nomentanus</strong></span> <span class='ocrx_word' id='word_1_15' title='bbox 1128 1031 1269 1096; x_wconf 85' lang='lat' dir='ltr'><strong>amicum</strong></span> <span class='ocrx_word' id='word_1_16' title='bbox 1478 1033 1525 1095; x_wconf 85' lang='grc'><strong>60</strong></span> 
     </span>
     <span class='ocr_line' id='line_1_4' title="bbox 523 1139 1410 1225; baseline 0.003 -21"><span class='ocrx_word' id='word_1_17' title='bbox 523 1139 679 1205; x_wconf 80' lang='lat' dir='ltr'><strong>Tolleret:</strong></span> <span class='ocrx_word' id='word_1_18' title='bbox 704 1141 792 1220; x_wconf 91' lang='lat' dir='ltr'><strong>Heu,</strong></span> <span class='ocrx_word' id='word_1_19' title='bbox 809 1141 962 1219; x_wconf 85' lang='lat' dir='ltr'><strong>Fortuna,</strong></span> <span class='ocrx_word' id='word_1_20' title='bbox 979 1142 1050 1225; x_wconf 92' lang='lat' dir='ltr'><strong>quis</strong></span> <span class='ocrx_word' id='word_1_21' title='bbox 1064 1149 1114 1205; x_wconf 89' lang='lat' dir='ltr'><strong>est</strong></span> <span class='ocrx_word' id='word_1_22' title='bbox 1128 1141 1286 1205; x_wconf 81' lang='lat' dir='ltr'>crudelior</span> <span class='ocrx_word' id='word_1_23' title='bbox 1300 1141 1336 1204; x_wconf 91' lang='lat' dir='ltr'><strong>in</strong></span> <span class='ocrx_word' id='word_1_24' title='bbox 1349 1163 1410 1207; x_wconf 87' lang='lat' dir='ltr'><strong>nos</strong></span> 
     </span>
     <span class='ocr_line' id='line_1_5' title="bbox 523 1249 1312 1335; baseline 0 -21"><span class='ocrx_word' id='word_1_25' title='bbox 523 1251 569 1314; x_wconf 81' lang='lat' dir='ltr'><strong>&#39;Pe</strong></span> <span class='ocrx_word' id='word_1_26' title='bbox 584 1249 688 1316; x_wconf 85' lang='lat' dir='ltr'><strong>deus?</strong></span> <span class='ocrx_word' id='word_1_27' title='bbox 734 1253 782 1316; x_wconf 89' lang='lat' dir='ltr'><strong>Ut</strong></span> <span class='ocrx_word' id='word_1_28' title='bbox 797 1272 923 1335; x_wconf 87' lang='lat' dir='ltr'><strong>semper</strong></span> <span class='ocrx_word' id='word_1_29' title='bbox 936 1251 1055 1335; x_wconf 78' lang='lat' dir='ltr'><strong>gaudes</strong></span> <span class='ocrx_word' id='word_1_30' title='bbox 1069 1249 1203 1315; x_wconf 80' lang='lat' dir='ltr'>illudere</span> <span class='ocrx_word' id='word_1_31' title='bbox 1216 1249 1312 1315; x_wconf 87' lang='lat' dir='ltr'><strong>rebus</strong></span> 
     </span>
     <span class='ocr_line' id='line_1_6' title="bbox 525 1359 1304 1446; baseline 0.001 -23"><span class='ocrx_word' id='word_1_32' title='bbox 525 1359 704 1425; x_wconf 74' lang='lat' dir='ltr'><strong>Humanis!</strong></span> <span class='ocrx_word' id='word_1_33' title='bbox 729 1361 847 1427; x_wconf 87' lang='lat' dir='ltr'><strong>Varius</strong></span> <span class='ocrx_word' id='word_1_34' title='bbox 861 1382 977 1446; x_wconf 80' lang='lat' dir='ltr'><strong>mappa</strong></span> <span class='ocrx_word' id='word_1_35' title='bbox 990 1381 1190 1445; x_wconf 86' lang='lat' dir='ltr'><strong>compescere</strong></span> <span class='ocrx_word' id='word_1_36' title='bbox 1202 1361 1304 1424; x_wconf 88' lang='lat' dir='ltr'><strong>risum</strong></span> 
     </span>
     <span class='ocr_line' id='line_1_7' title="bbox 311 1471 1348 1556; baseline 0.005 -24"><span class='ocrx_word' id='word_1_37' title='bbox 311 1494 343 1544; x_wconf 51' lang='grc' dir='ltr'><strong>ιι.</strong></span> <span class='ocrx_word' id='word_1_38' title='bbox 354 1491 375 1534; x_wconf 90' lang='lat' dir='ltr'><strong>s.</strong></span> <span class='ocrx_word' id='word_1_39' title='bbox 385 1492 405 1535; x_wconf 87' lang='lat'><strong>1.</strong></span> <span class='ocrx_word' id='word_1_40' title='bbox 414 1493 433 1535; x_wconf 90' lang='grc' dir='ltr'><strong>ι.</strong></span> <span class='ocrx_word' id='word_1_41' title='bbox 443 1493 462 1534; x_wconf 80' lang='lat' dir='ltr'><strong>s.</strong></span> <span class='ocrx_word' id='word_1_42' title='bbox 523 1471 588 1536; x_wconf 87' lang='lat' dir='ltr'><strong>Vix</strong></span> <span class='ocrx_word' id='word_1_43' title='bbox 602 1478 737 1555; x_wconf 86' lang='lat' dir='ltr'><strong>poterat.</strong></span> <span class='ocrx_word' id='word_1_44' title='bbox 781 1473 915 1536; x_wconf 77' lang='lat' dir='ltr'><strong>Balatro</strong></span> <span class='ocrx_word' id='word_1_45' title='bbox 928 1471 1122 1556; x_wconf 83' lang='lat' dir='ltr'><strong>suspendens</strong></span> <span class='ocrx_word' id='word_1_46' title='bbox 1135 1472 1245 1536; x_wconf 80' lang='lat' dir='ltr'><strong>omnia</strong></span> <span class='ocrx_word' id='word_1_47' title='bbox 1258 1493 1348 1552; x_wconf 79' lang='lat' dir='ltr'><strong>nuso,</strong></span> 
     </span>
     <span class='ocr_line' id='line_1_8' title="bbox 524 1581 1522 1666; baseline 0.003 -20"><span class='ocrx_word' id='word_1_48' title='bbox 524 1583 605 1648; x_wconf 82' lang='lat' dir='ltr'><strong>Haec</strong></span> <span class='ocrx_word' id='word_1_49' title='bbox 620 1591 669 1647; x_wconf 89' lang='lat' dir='ltr'><strong>est</strong></span> <span class='ocrx_word' id='word_1_50' title='bbox 684 1581 828 1648; x_wconf 88' lang='lat' dir='ltr'><strong>condicio</strong></span> <span class='ocrx_word' id='word_1_51' title='bbox 841 1582 977 1661; x_wconf 87' lang='lat' dir='ltr'><strong>vivendi,</strong></span> <span class='ocrx_word' id='word_1_52' title='bbox 993 1583 1109 1661; x_wconf 85' lang='lat' dir='ltr'><strong>aiebat,</strong></span> <span class='ocrx_word' id='word_1_53' title='bbox 1124 1603 1225 1666; x_wconf 87' lang='lat' dir='ltr'><strong>eoque</strong></span> <span class='ocrx_word' id='word_1_54' title='bbox 1478 1589 1522 1649; x_wconf 87' lang='grc'><strong>65</strong></span> 
     </span>
     <span class='ocr_line' id='line_1_9' title="bbox 523 1683 1347 1779; baseline 0.002 -21"><span class='ocrx_word' id='word_1_55' title='bbox 523 1695 727 1779; x_wconf 74' lang='lat' dir='ltr'>Responsum</span> <span class='ocrx_word' id='word_1_56' title='bbox 741 1703 799 1758; x_wconf 88' lang='lat' dir='ltr'><strong>tuo</strong></span> <span class='ocrx_word' id='word_1_57' title='bbox 813 1714 989 1777; x_wconf 90' lang='lat' dir='ltr'><strong>numquam</strong></span> <span class='ocrx_word' id='word_1_58' title='bbox 1003 1701 1052 1756; x_wconf 87' lang='lat' dir='ltr'><strong>cst</strong></span> <span class='ocrx_word' id='word_1_59' title='bbox 1065 1683 1124 1777; x_wconf 90' lang='lat' dir='ltr'><strong>par</strong></span> <span class='ocrx_word' id='word_1_60' title='bbox 1136 1693 1223 1757; x_wconf 77' lang='lat' dir='ltr'><strong>sarua</strong></span> <span class='ocrx_word' id='word_1_61' title='bbox 1234 1693 1347 1762; x_wconf 84' lang='lat' dir='ltr'><strong>labori.</strong></span> 
     </span>
     <span class='ocr_line' id='line_1_10' title="bbox 311 1804 1304 1924; baseline 0 -56"><span class='ocrx_word' id='word_1_62' title='bbox 311 1823 355 1863; x_wconf 74' lang='lat' dir='ltr'><strong>ten.</strong></span> <span class='ocrx_word' id='word_1_63' title='bbox 366 1820 488 1924; x_wconf 66' lang='lat' dir='ltr'><strong>i&#39;p&#39;&#39;1⁴1&#39;&#39;⁸‘</strong></span> <span class='ocrx_word' id='word_1_64' title='bbox 522 1805 619 1884; x_wconf 84' lang='lat' dir='ltr'><strong>Tene,</strong></span> <span class='ocrx_word' id='word_1_65' title='bbox 635 1813 673 1868; x_wconf 96' lang='grc' dir='ltr'><strong>ιιι</strong></span> <span class='ocrx_word' id='word_1_66' title='bbox 688 1825 747 1888; x_wconf 85' lang='lat' dir='ltr'><strong>ego</strong></span> <span class='ocrx_word' id='word_1_67' title='bbox 762 1805 900 1889; x_wconf 87' lang='lat' dir='ltr'><strong>accipiar</strong></span> <span class='ocrx_word' id='word_1_68' title='bbox 911 1805 1010 1884; x_wconf 86' lang='lat' dir='ltr'><strong>laute,</strong></span> <span class='ocrx_word' id='word_1_69' title='bbox 1025 1804 1202 1887; x_wconf 80' lang='lat' dir='ltr'><strong>torquerier</strong></span> <span class='ocrx_word' id='word_1_70' title='bbox 1215 1805 1304 1868; x_wconf 90' lang='lat' dir='ltr'><strong>omni</strong></span> 
     </span>
     <span class='ocr_line' id='line_1_11' title="bbox 523 1915 1270 1999; baseline -0.001 -19"><span class='ocrx_word' id='word_1_71' title='bbox 523 1915 744 1980; x_wconf 87' lang='lat' dir='ltr'><strong>Sollicitudinc</strong></span> <span class='ocrx_word' id='word_1_72' title='bbox 758 1915 951 1994; x_wconf 82' lang='lat' dir='ltr'><strong>districtum,</strong></span> <span class='ocrx_word' id='word_1_73' title='bbox 967 1935 1008 1979; x_wconf 92' lang='lat' dir='ltr'><strong>ne</strong></span> <span class='ocrx_word' id='word_1_74' title='bbox 1022 1916 1115 1999; x_wconf 90' lang='lat' dir='ltr'><strong>panis</strong></span> <span class='ocrx_word' id='word_1_75' title='bbox 1127 1915 1270 1989; x_wconf 72' lang='lat' dir='ltr'><strong>adustam,</strong></span> 
     </span>
     <span class='ocr_line' id='line_1_12' title="bbox 521 2025 1305 2111; baseline -0.001 -19"><span class='ocrx_word' id='word_1_76' title='bbox 521 2029 576 2092; x_wconf 89' lang='lat' dir='ltr'><strong>Ne</strong></span> <span class='ocrx_word' id='word_1_77' title='bbox 591 2027 674 2092; x_wconf 86' lang='lat' dir='ltr'><strong>male</strong></span> <span class='ocrx_word' id='word_1_78' title='bbox 688 2025 851 2092; x_wconf 89' lang='lat' dir='ltr'><strong>conditum</strong></span> <span class='ocrx_word' id='word_1_79' title='bbox 865 2027 920 2110; x_wconf 85' lang='lat' dir='ltr'><strong>jus</strong></span> <span class='ocrx_word' id='word_1_80' title='bbox 935 2035 1124 2111; x_wconf 84' lang='lat' dir='ltr'><strong>apponatur,</strong></span> <span class='ocrx_word' id='word_1_81' title='bbox 1140 2034 1179 2090; x_wconf 90' lang='lat' dir='ltr'><strong>ut</strong></span> <span class='ocrx_word' id='word_1_82' title='bbox 1192 2049 1305 2091; x_wconf 88' lang='lat' dir='ltr'><strong>omncs</strong></span> 
     </span>
     <span class='ocr_line' id='line_1_13' title="bbox 307 2138 1523 2240; baseline 0.003 -43"><span class='ocrx_word' id='word_1_83' title='bbox 307 2157 364 2197; x_wconf 69' lang='lat' dir='ltr'><strong>rru-</strong></span> <span class='ocrx_word' id='word_1_84' title='bbox 375 2145 396 2188; x_wconf 80' lang='lat' dir='ltr'><strong>s·</strong></span> <span class='ocrx_word' id='word_1_85' title='bbox 407 2147 425 2187; x_wconf 87' lang='lat'><strong>¹·</strong></span> <span class='ocrx_word' id='word_1_86' title='bbox 433 2149 455 2240; x_wconf 32' lang='lat' dir='ltr'><strong>g·-</strong></span> <span class='ocrx_word' id='word_1_87' title='bbox 465 2148 508 2238; x_wconf 33' lang='grc' dir='ltr'><strong>ἢ.</strong></span> <span class='ocrx_word' id='word_1_88' title='bbox 522 2139 694 2203; x_wconf 85' lang='lat' dir='ltr'><strong>Praecincti</strong></span> <span class='ocrx_word' id='word_1_89' title='bbox 708 2147 794 2202; x_wconf 81' lang='lat' dir='ltr'><strong>reete</strong></span> <span class='ocrx_word' id='word_1_90' title='bbox 809 2138 900 2222; x_wconf 92' lang='lat' dir='ltr'><strong>pueri</strong></span> <span class='ocrx_word' id='word_1_91' title='bbox 915 2138 1099 2222; x_wconf 80' lang='lat' dir='ltr'><strong>comptique</strong></span> <span class='ocrx_word' id='word_1_92' title='bbox 1112 2139 1325 2204; x_wconf 73' lang='lat' dir='ltr'><strong>ministrent?</strong></span> <span class='ocrx_word' id='word_1_93' title='bbox 1478 2142 1523 2204; x_wconf 76' lang='lat'><strong>70</strong></span> 
     </span>
     <span class='ocr_line' id='line_1_14' title="bbox 521 2247 1258 2332; baseline 0 -20"><span class='ocrx_word' id='word_1_94' title='bbox 521 2247 615 2312; x_wconf 83' lang='lat' dir='ltr'><strong>Adde</strong></span> <span class='ocrx_word' id='word_1_95' title='bbox 629 2247 687 2312; x_wconf 91' lang='lat' dir='ltr'><strong>hos</strong></span> <span class='ocrx_word' id='word_1_96' title='bbox 701 2254 854 2332; x_wconf 81' lang='lat' dir='ltr'><strong>praeterea</strong></span> <span class='ocrx_word' id='word_1_97' title='bbox 868 2268 972 2327; x_wconf 86' lang='lat' dir='ltr'><strong>casus,</strong></span> <span class='ocrx_word' id='word_1_98' title='bbox 988 2249 1089 2313; x_wconf 77' lang='lat' dir='ltr'><strong>auoea</strong></span> <span class='ocrx_word' id='word_1_99' title='bbox 1103 2257 1199 2314; x_wconf 84' lang='lat' dir='ltr'><strong>mant</strong></span> <span class='ocrx_word' id='word_1_100' title='bbox 1219 2249 1258 2328; x_wconf 87' lang='lat' dir='ltr'><strong>si,</strong></span> 
     </span>
     <span class='ocr_line' id='line_1_15' title="bbox 523 2358 1388 2446; baseline 0.003 -22"><span class='ocrx_word' id='word_1_101' title='bbox 523 2361 571 2424; x_wconf 86' lang='lat' dir='ltr'><strong>Ut</strong></span> <span class='ocrx_word' id='word_1_102' title='bbox 585 2359 701 2437; x_wconf 82' lang='lat' dir='ltr'><strong>mod03</strong></span> <span class='ocrx_word' id='word_1_103' title='bbox 725 2358 752 2422; x_wconf 93' lang='lat' dir='ltr'><strong>si</strong></span> <span class='ocrx_word' id='word_1_104' title='bbox 767 2359 911 2442; x_wconf 85' lang='lat' dir='ltr'><strong>patinam</strong></span> <span class='ocrx_word' id='word_1_105' title='bbox 925 2359 1005 2444; x_wconf 89' lang='lat' dir='ltr'><strong>pede</strong></span> <span class='ocrx_word' id='word_1_106' title='bbox 1019 2359 1126 2445; x_wconf 87' lang='lat' dir='ltr'><strong>lapsus</strong></span> <span class='ocrx_word' id='word_1_107' title='bbox 1139 2360 1268 2444; x_wconf 80' lang='lat' dir='ltr'><strong>frangat</strong></span> <span class='ocrx_word' id='word_1_108' title='bbox 1281 2383 1388 2446; x_wconf 80' lang='lat' dir='ltr'><strong>agsso.</strong></span> 
     </span>
     <span class='ocr_line' id='line_1_16' title="bbox 524 2469 1251 2554; baseline 0.001 -20"><span class='ocrx_word' id='word_1_109' title='bbox 524 2469 588 2534; x_wconf 86' lang='lat' dir='ltr'><strong>Sed</strong></span> <span class='ocrx_word' id='word_1_110' title='bbox 603 2469 823 2547; x_wconf 74' lang='lat' dir='ltr'><strong>convivatoris,</strong></span> <span class='ocrx_word' id='word_1_111' title='bbox 839 2469 889 2532; x_wconf 90' lang='lat' dir='ltr'><strong>uti</strong></span> <span class='ocrx_word' id='word_1_112' title='bbox 903 2469 1004 2549; x_wconf 89' lang='lat' dir='ltr'><strong>ducis,</strong></span> <span class='ocrx_word' id='word_1_113' title='bbox 1020 2470 1185 2554; x_wconf 82' lang='lat' dir='ltr'><strong>ingenium</strong></span> <span class='ocrx_word' id='word_1_114' title='bbox 1201 2491 1251 2535; x_wconf 89' lang='lat' dir='ltr'><strong>res</strong></span> 
     </span>
     <span class='ocr_line' id='line_1_17' title="bbox 521 2578 1227 2657; baseline 0.001 -13"><span class='ocrx_word' id='word_1_115' title='bbox 521 2580 673 2644; x_wconf 76' lang='lat' dir='ltr'><strong>Adversa</strong></span> <span class='ocrx_word' id='word_1_116' title='bbox 687 2578 808 2644; x_wconf 83' lang='lat' dir='ltr'><strong>nudare</strong></span> <span class='ocrx_word' id='word_1_117' title='bbox 823 2579 937 2657; x_wconf 86' lang='lat' dir='ltr'><strong>solent,</strong></span> <span class='ocrx_word' id='word_1_118' title='bbox 953 2579 1055 2644; x_wconf 84' lang='lat' dir='ltr'><strong>celare</strong></span> <span class='ocrx_word' id='word_1_119' title='bbox 1069 2580 1227 2645; x_wconf 70' lang='lat' dir='ltr'><strong>secumdse.</strong></span> 
     </span>
     <span class='ocr_line' id='line_1_18' title="bbox 519 2690 1520 2777; baseline 0.003 -19"><span class='ocrx_word' id='word_1_120' title='bbox 519 2691 714 2758; x_wconf 76' lang='lat' dir='ltr'><strong>Nasidienus</strong></span> <span class='ocrx_word' id='word_1_121' title='bbox 729 2691 770 2755; x_wconf 85' lang='lat' dir='ltr'><strong>sd</strong></span> <span class='ocrx_word' id='word_1_122' title='bbox 784 2691 873 2756; x_wconf 73' lang='lat' dir='ltr'><strong>hac:</strong></span> <span class='ocrx_word' id='word_1_123' title='bbox 897 2691 969 2756; x_wconf 80' lang='lat' dir='ltr'><strong>Tibi</strong></span> <span class='ocrx_word' id='word_1_124' title='bbox 983 2690 1027 2754; x_wconf 91' lang='lat' dir='ltr'><strong>Di</strong></span> <span class='ocrx_word' id='word_1_125' title='bbox 1042 2712 1250 2775; x_wconf 82' lang='lat' dir='ltr'><strong>quaecumque</strong></span> <span class='ocrx_word' id='word_1_126' title='bbox 1263 2693 1401 2777; x_wconf 82' lang='lat' dir='ltr'><strong>preceris</strong></span> <span class='ocrx_word' id='word_1_127' title='bbox 1478 2701 1520 2761; x_wconf 82' lang='lat'><strong>⁷5</strong></span> 
     </span>
     <span class='ocr_line' id='line_1_19' title="bbox 522 2801 1452 2888; baseline 0.003 -22"><span class='ocrx_word' id='word_1_128' title='bbox 522 2801 698 2866; x_wconf 89' lang='lat' dir='ltr'><strong>Commoda</strong></span> <span class='ocrx_word' id='word_1_129' title='bbox 712 2803 809 2866; x_wconf 85' lang='lat' dir='ltr'><strong>denti</strong></span> <span class='ocrx_word' id='word_1_130' title='bbox 834 2801 882 2866; x_wconf 87' lang='lat' dir='ltr'><strong>ita</strong></span> <span class='ocrx_word' id='word_1_131' title='bbox 895 2801 944 2865; x_wconf 86' lang='lat' dir='ltr'><strong>vir</strong></span> <span class='ocrx_word' id='word_1_132' title='bbox 958 2801 1061 2866; x_wconf 90' lang='lat' dir='ltr'><strong>bonus</strong></span> <span class='ocrx_word' id='word_1_133' title='bbox 1076 2821 1111 2866; x_wconf 89' lang='lat' dir='ltr'><strong>cs</strong></span> <span class='ocrx_word' id='word_1_134' title='bbox 1125 2803 1317 2888; x_wconf 81' lang='lat' dir='ltr'><strong>convivaque</strong></span> <span class='ocrx_word' id='word_1_135' title='bbox 1332 2805 1452 2884; x_wconf 85' lang='lat' dir='ltr'><strong>oomis;</strong></span> 
     </span>
     <span class='ocr_line' id='line_1_20' title="bbox 521 2911 1361 2998; baseline 0.002 -21"><span class='ocrx_word' id='word_1_136' title='bbox 521 2915 565 2978; x_wconf 87' lang='lat' dir='ltr'><strong>Et</strong></span> <span class='ocrx_word' id='word_1_137' title='bbox 580 2914 680 2979; x_wconf 86' lang='lat' dir='ltr'><strong>soleas</strong></span> <span class='ocrx_word' id='word_1_138' title='bbox 694 2914 807 2998; x_wconf 87' lang='lat' dir='ltr'><strong>poscit.</strong></span> <span class='ocrx_word' id='word_1_139' title='bbox 853 2913 937 2977; x_wconf 80' lang='lat' dir='ltr'><strong>&#39;hun</strong></span> <span class='ocrx_word' id='word_1_140' title='bbox 951 2912 987 2976; x_wconf 91' lang='lat' dir='ltr'><strong>in</strong></span> <span class='ocrx_word' id='word_1_141' title='bbox 1000 2911 1084 2977; x_wconf 86' lang='lat' dir='ltr'><strong>lecto</strong></span> <span class='ocrx_word' id='word_1_142' title='bbox 1099 2935 1225 2998; x_wconf 89' lang='lat' dir='ltr'><strong>qnoque</strong></span> <span class='ocrx_word' id='word_1_143' title='bbox 1238 2914 1361 2979; x_wconf 80' lang='lat' dir='ltr'><strong>videres</strong></span> 
     </span>
     <span class='ocr_line' id='line_1_21' title="bbox 523 3025 1194 3092; baseline 0 -2"><span class='ocrx_word' id='word_1_144' title='bbox 523 3026 665 3092; x_wconf 86' lang='lat' dir='ltr'><strong>Stridere</strong></span> <span class='ocrx_word' id='word_1_145' title='bbox 679 3035 802 3091; x_wconf 87' lang='lat' dir='ltr'><strong>secreta</strong></span> <span class='ocrx_word' id='word_1_146' title='bbox 815 3025 933 3090; x_wconf 88' lang='lat' dir='ltr'><strong>divisos</strong></span> <span class='ocrx_word' id='word_1_147' title='bbox 946 3046 1023 3090; x_wconf 84' lang='lat' dir='ltr'><strong>aure</strong></span> <span class='ocrx_word' id='word_1_148' title='bbox 1038 3046 1194 3090; x_wconf 84' lang='lat' dir='ltr'><strong>susurrus.</strong></span> 
     </span>
     <span class='ocr_line' id='line_1_22' title="bbox 519 3137 1299 3220; baseline 0.001 -17"><span class='ocrx_word' id='word_1_149' title='bbox 519 3139 637 3203; x_wconf 90' lang='lat' dir='ltr'><strong>Nullos</strong></span> <span class='ocrx_word' id='word_1_150' title='bbox 651 3137 702 3202; x_wconf 90' lang='lat' dir='ltr'><strong>his</strong></span> <span class='ocrx_word' id='word_1_151' title='bbox 717 3139 846 3202; x_wconf 88' lang='lat' dir='ltr'><strong>mallem</strong></span> <span class='ocrx_word' id='word_1_152' title='bbox 861 3137 955 3202; x_wconf 87' lang='lat' dir='ltr'><strong>iudos</strong></span> <span class='ocrx_word' id='word_1_153' title='bbox 969 3146 1150 3220; x_wconf 82' lang='lat' dir='ltr'><strong>spectasse3</strong></span> <span class='ocrx_word' id='word_1_154' title='bbox 1172 3138 1229 3204; x_wconf 90' lang='lat' dir='ltr'><strong>sed</strong></span> <span class='ocrx_word' id='word_1_155' title='bbox 1243 3139 1299 3203; x_wconf 87' lang='lat' dir='ltr'><strong>illa</strong></span> 
     </span>
     <span class='ocr_line' id='line_1_23' title="bbox 521 3249 1522 3335; baseline 0.005 -22"><span class='ocrx_word' id='word_1_156' title='bbox 521 3250 643 3330; x_wconf 86' lang='lat' dir='ltr'><strong>Redde,</strong></span> <span class='ocrx_word' id='word_1_157' title='bbox 658 3272 728 3335; x_wconf 86' lang='lat' dir='ltr'><strong>age,</strong></span> <span class='ocrx_word' id='word_1_158' title='bbox 745 3272 816 3335; x_wconf 83' lang='lat' dir='ltr'><strong>quae</strong></span> <span class='ocrx_word' id='word_1_159' title='bbox 831 3249 980 3334; x_wconf 89' lang='lat' dir='ltr'><strong>deinceps</strong></span> <span class='ocrx_word' id='word_1_160' title='bbox 994 3249 1102 3314; x_wconf 88' lang='lat' dir='ltr'><strong>risisti.</strong></span> <span class='ocrx_word' id='word_1_161' title='bbox 1147 3250 1298 3315; x_wconf 78' lang='lat' dir='ltr'><strong>Vibidius</strong></span> <span class='ocrx_word' id='word_1_162' title='bbox 1310 3250 1388 3315; x_wconf 91' lang='lat' dir='ltr'><strong>dum</strong></span> <span class='ocrx_word' id='word_1_163' title='bbox 1476 3257 1522 3318; x_wconf 84' lang='lat'><strong>80</strong></span> 
     </span>
     <span class='ocr_line' id='line_1_24' title="bbox 521 3357 1380 3444; baseline -0.003 -17"><span class='ocrx_word' id='word_1_164' title='bbox 521 3362 647 3428; x_wconf 79' lang='lat' dir='ltr'><strong>Quaerit</strong></span> <span class='ocrx_word' id='word_1_165' title='bbox 661 3361 701 3425; x_wconf 89' lang='lat' dir='ltr'><strong>de</strong></span> <span class='ocrx_word' id='word_1_166' title='bbox 714 3361 833 3444; x_wconf 89' lang='lat' dir='ltr'><strong>pueris,</strong></span> <span class='ocrx_word' id='word_1_167' title='bbox 848 3381 929 3422; x_wconf 89' lang='lat' dir='ltr'><strong>num</strong></span> <span class='ocrx_word' id='word_1_168' title='bbox 943 3359 987 3422; x_wconf 88' lang='lat' dir='ltr'><strong>sit</strong></span> <span class='ocrx_word' id='word_1_169' title='bbox 1001 3379 1128 3442; x_wconf 85' lang='lat' dir='ltr'><strong>quoquc</strong></span> <span class='ocrx_word' id='word_1_170' title='bbox 1142 3357 1244 3424; x_wconf 73' lang='lat' dir='ltr'><strong>stacta</strong></span> <span class='ocrx_word' id='word_1_171' title='bbox 1255 3359 1380 3444; x_wconf 80' lang='lat' dir='ltr'><strong>lagena,</strong></span> 
     </span>
     <span class='ocr_line' id='line_1_25' title="bbox 521 3469 1356 3555; baseline -0.005 -15"><span class='ocrx_word' id='word_1_172' title='bbox 521 3472 618 3540; x_wconf 80' lang='lat' dir='ltr'><strong>Quod</strong></span> <span class='ocrx_word' id='word_1_173' title='bbox 632 3472 693 3536; x_wconf 87' lang='lat' dir='ltr'><strong>sibi</strong></span> <span class='ocrx_word' id='word_1_174' title='bbox 707 3472 849 3555; x_wconf 85' lang='lat' dir='ltr'><strong>poscenti</strong></span> <span class='ocrx_word' id='word_1_175' title='bbox 863 3491 930 3534; x_wconf 90' lang='lat' dir='ltr'><strong>non</strong></span> <span class='ocrx_word' id='word_1_176' title='bbox 945 3469 1063 3533; x_wconf 86' lang='lat' dir='ltr'><strong>dantur</strong></span> <span class='ocrx_word' id='word_1_177' title='bbox 1076 3471 1199 3554; x_wconf 87' lang='lat' dir='ltr'><strong>pocula,</strong></span> <span class='ocrx_word' id='word_1_178' title='bbox 1216 3470 1356 3555; x_wconf 91' lang='lat' dir='ltr'><strong>dumque</strong></span> 
     </span>
     <span class='ocr_line' id='line_1_26' title="bbox 521 3581 1231 3666; baseline -0.003 -19"><span class='ocrx_word' id='word_1_179' title='bbox 521 3584 658 3648; x_wconf 88' lang='lat' dir='ltr'><strong>Ridetur</strong></span> <span class='ocrx_word' id='word_1_180' title='bbox 672 3583 756 3646; x_wconf 83' lang='lat' dir='ltr'><strong>fictis</strong></span> <span class='ocrx_word' id='word_1_181' title='bbox 770 3603 878 3646; x_wconf 87' lang='lat' dir='ltr'><strong>rerum</strong></span> <span class='ocrx_word' id='word_1_182' title='bbox 893 3581 1066 3666; x_wconf 72' lang='lat' dir='ltr'><strong>Boiotrone</strong></span> <span class='ocrx_word' id='word_1_183' title='bbox 1081 3581 1231 3660; x_wconf 89' lang='lat' dir='ltr'><strong>secundo,</strong></span> 
     </span>
     <span class='ocr_line' id='line_1_27' title="bbox 520 3692 1234 3773; baseline -0.007 -11"><span class='ocrx_word' id='word_1_184' title='bbox 520 3695 707 3773; x_wconf 88' lang='lat' dir='ltr'><strong>Nasidiene‚</strong></span> <span class='ocrx_word' id='word_1_185' title='bbox 722 3693 806 3758; x_wconf 89' lang='lat' dir='ltr'><strong>redis</strong></span> <span class='ocrx_word' id='word_1_186' title='bbox 821 3701 956 3757; x_wconf 74' lang='lat' dir='ltr'><strong>mutata</strong></span> <span class='ocrx_word' id='word_1_187' title='bbox 970 3692 1096 3772; x_wconf 78' lang='lat' dir='ltr'><strong>frontis,</strong></span> <span class='ocrx_word' id='word_1_188' title='bbox 1112 3701 1151 3756; x_wconf 89' lang='grc' dir='ltr'><strong>ιιι</strong></span> <span class='ocrx_word' id='word_1_189' title='bbox 1165 3701 1234 3757; x_wconf 90' lang='lat' dir='ltr'><strong>arte</strong></span> 
     </span>
     <span class='ocr_line' id='line_1_28' title="bbox 521 3801 1519 3882; baseline -0.008 -11"><span class='ocrx_word' id='word_1_190' title='bbox 521 3805 760 3871; x_wconf 86' lang='lat' dir='ltr'><strong>Emendaturus</strong></span> <span class='ocrx_word' id='word_1_191' title='bbox 774 3803 938 3868; x_wconf 83' lang='lat' dir='ltr'><strong>fortunam</strong></span> <span class='ocrx_word' id='word_1_192' title='bbox 947 3829 957 3882; x_wconf 80' lang='lat'>3</span> <span class='ocrx_word' id='word_1_193' title='bbox 979 3801 1096 3867; x_wconf 88' lang='lat' dir='ltr'><strong>deinde</strong></span> <span class='ocrx_word' id='word_1_194' title='bbox 1115 3802 1217 3866; x_wconf 91' lang='lat' dir='ltr'><strong>secuti</strong></span> <span class='ocrx_word' id='word_1_195' title='bbox 1476 3811 1519 3871; x_wconf 87' lang='lat'><strong>85</strong></span> 
     </span>
     <span class='ocr_line' id='line_1_29' title="bbox 521 3913 1276 4001; baseline -0.005 -19"><span class='ocrx_word' id='word_1_196' title='bbox 521 3919 714 3982; x_wconf 81' lang='lat' dir='ltr'><strong>Maaouomo</strong></span> <span class='ocrx_word' id='word_1_197' title='bbox 729 3915 818 4001; x_wconf 89' lang='lat' dir='ltr'><strong>pueri</strong></span> <span class='ocrx_word' id='word_1_198' title='bbox 833 3936 951 3999; x_wconf 84' lang='lat' dir='ltr'><strong>mngno</strong></span> <span class='ocrx_word' id='word_1_199' title='bbox 965 3913 1124 3998; x_wconf 77' lang='lat' dir='ltr'><strong>discerpta</strong></span> <span class='ocrx_word' id='word_1_200' title='bbox 1138 3913 1276 3978; x_wconf 82' lang='lat' dir='ltr'><strong>ferentes</strong></span> 
     </span>
    </p>
   </div>
   <div class='ocr_carea' id='block_1_3' title="bbox 521 4023 1368 4110">
    <p class='ocr_par' dir='ltr' id='par_1_3' title="bbox 521 4023 1368 4110">
     <span class='ocr_line' id='line_1_30' title="bbox 521 4023 1368 4110; baseline -0.006 -15"><span class='ocrx_word' id='word_1_201' title='bbox 521 4027 671 4096; x_wconf 88' lang='lat' dir='ltr'><strong>Membra</strong></span> <span class='ocrx_word' id='word_1_202' title='bbox 685 4027 773 4110; x_wconf 80' lang='lat' dir='ltr'><strong>gruis</strong></span> <span class='ocrx_word' id='word_1_203' title='bbox 787 4025 888 4110; x_wconf 83' lang='lat' dir='ltr'><strong>sparsi</strong></span> <span class='ocrx_word' id='word_1_204' title='bbox 901 4025 967 4089; x_wconf 85' lang='lat' dir='ltr'><strong>sale</strong></span> <span class='ocrx_word' id='word_1_205' title='bbox 980 4025 1095 4104; x_wconf 89' lang='lat' dir='ltr'><strong>multo,</strong></span> <span class='ocrx_word' id='word_1_206' title='bbox 1110 4045 1177 4088; x_wconf 90' lang='lat' dir='ltr'><strong>non</strong></span> <span class='ocrx_word' id='word_1_207' title='bbox 1191 4023 1260 4088; x_wconf 90' lang='lat' dir='ltr'><strong>sine</strong></span> <span class='ocrx_word' id='word_1_208' title='bbox 1274 4025 1368 4106; x_wconf 83' lang='lat' dir='ltr'><strong>farre,</strong></span> 
     </span>
    </p>
   </div>
   <div class='ocr_carea' id='block_1_4' title="bbox 309 4134 1517 4663">
    <p class='ocr_par' dir='ltr' id='par_1_4' title="bbox 521 4134 1316 4224">
     <span class='ocr_line' id='line_1_31' title="bbox 521 4134 1316 4224; baseline -0.01 -16"><span class='ocrx_word' id='word_1_209' title='bbox 521 4138 701 4224; x_wconf 85' lang='lat' dir='ltr'><strong>Pinguibus</strong></span> <span class='ocrx_word' id='word_1_210' title='bbox 716 4145 749 4202; x_wconf 88' lang='lat' dir='ltr'><strong>et</strong></span> <span class='ocrx_word' id='word_1_211' title='bbox 763 4136 832 4200; x_wconf 83' lang='lat' dir='ltr'><strong>ficis</strong></span> <span class='ocrx_word' id='word_1_212' title='bbox 846 4141 973 4220; x_wconf 87' lang='lat' dir='ltr'><strong>pastum</strong></span> <span class='ocrx_word' id='word_1_213' title='bbox 983 4135 1077 4219; x_wconf 87' lang='lat' dir='ltr'><strong>jecur</strong></span> <span class='ocrx_word' id='word_1_214' title='bbox 1090 4134 1211 4200; x_wconf 87' lang='lat' dir='ltr'><strong>anseris</strong></span> <span class='ocrx_word' id='word_1_215' title='bbox 1224 4135 1316 4215; x_wconf 77' lang='lat' dir='ltr'><strong>albae,</strong></span> 
     </span>
    </p>

    <p class='ocr_par' dir='ltr' id='par_1_5' title="bbox 309 4245 1319 4336">
     <span class='ocr_line' id='line_1_32' title="bbox 309 4245 1319 4336; baseline -0.005 -20"><span class='ocrx_word' id='word_1_216' title='bbox 309 4279 341 4324; x_wconf 62' lang='lat' dir='ltr'><strong>su.</strong></span> <span class='ocrx_word' id='word_1_217' title='bbox 352 4274 373 4316; x_wconf 91' lang='lat' dir='ltr'><strong>s.</strong></span> <span class='ocrx_word' id='word_1_218' title='bbox 382 4273 401 4314; x_wconf 83' lang='lat' dir='ltr'><strong>s.</strong></span> <span class='ocrx_word' id='word_1_219' title='bbox 412 4273 430 4314; x_wconf 80' lang='grc' dir='ltr'><strong>ι</strong></span> <span class='ocrx_word' id='word_1_220' title='bbox 440 4271 473 4314; x_wconf 74' lang='lat' dir='ltr'><strong>ss</strong></span> <span class='ocrx_word' id='word_1_221' title='bbox 520 4254 566 4318; x_wconf 85' lang='lat' dir='ltr'><strong>Et</strong></span> <span class='ocrx_word' id='word_1_222' title='bbox 579 4251 725 4336; x_wconf 86' lang='lat' dir='ltr'><strong>leporum</strong></span> <span class='ocrx_word' id='word_1_223' title='bbox 741 4247 874 4324; x_wconf 88' lang='lat' dir='ltr'><strong>avolsos,</strong></span> <span class='ocrx_word' id='word_1_224' title='bbox 888 4252 927 4310; x_wconf 90' lang='lat' dir='ltr'><strong>ut</strong></span> <span class='ocrx_word' id='word_1_225' title='bbox 940 4246 1044 4310; x_wconf 84' lang='lat' dir='ltr'><strong>multo</strong></span> <span class='ocrx_word' id='word_1_226' title='bbox 1058 4245 1196 4325; x_wconf 82' lang='lat' dir='ltr'><strong>suavius,</strong></span> <span class='ocrx_word' id='word_1_227' title='bbox 1212 4266 1319 4311; x_wconf 86' lang='lat' dir='ltr'><strong>armos</strong></span> 
     </span>
    </p>

    <p class='ocr_par' dir='ltr' id='par_1_6' title="bbox 310 4355 1517 4663">
     <span class='ocr_line' id='line_1_33' title="bbox 310 4355 1477 4443; baseline -0.005 -11"><span class='ocrx_word' id='word_1_228' title='bbox 310 4390 354 4433; x_wconf 72' lang='lat' dir='ltr'><strong>eu.</strong></span> <span class='ocrx_word' id='word_1_229' title='bbox 364 4389 405 4443; x_wconf 73' lang='lat' dir='ltr'><strong>sp.</strong></span> <span class='ocrx_word' id='word_1_230' title='bbox 415 4391 434 4432; x_wconf 85' lang='lat' dir='ltr'><strong>a.</strong></span> <span class='ocrx_word' id='word_1_231' title='bbox 444 4389 464 4432; x_wconf 89' lang='lat' dir='ltr'><strong>s.</strong></span> <span class='ocrx_word' id='word_1_232' title='bbox 522 4365 629 4432; x_wconf 83' lang='lat' dir='ltr'><strong>Quam</strong></span> <span class='ocrx_word' id='word_1_233' title='bbox 644 4361 672 4425; x_wconf 90' lang='lat' dir='ltr'><strong>si</strong></span> <span class='ocrx_word' id='word_1_234' title='bbox 685 4381 761 4424; x_wconf 89' lang='lat' dir='ltr'><strong>curn</strong></span> <span class='ocrx_word' id='word_1_235' title='bbox 774 4357 894 4422; x_wconf 90' lang='lat' dir='ltr'><strong>lumbis</strong></span> <span class='ocrx_word' id='word_1_236' title='bbox 908 4357 981 4440; x_wconf 91' lang='lat' dir='ltr'><strong>quis</strong></span> <span class='ocrx_word' id='word_1_237' title='bbox 994 4355 1072 4421; x_wconf 91' lang='lat' dir='ltr'><strong>edit.</strong></span> <span class='ocrx_word' id='word_1_238' title='bbox 1116 4357 1200 4422; x_wconf 73' lang='lat' dir='ltr'><strong>Tum</strong></span> <span class='ocrx_word' id='word_1_239' title='bbox 1213 4365 1341 4441; x_wconf 79' lang='lat' dir='ltr'><strong>pectore</strong></span> <span class='ocrx_word' id='word_1_240' title='bbox 1361 4358 1477 4426; x_wconf 85' lang='lat' dir='ltr'><strong>adusto</strong></span> 
     </span>
     <span class='ocr_line' id='line_1_34' title="bbox 520 4466 1517 4552; baseline -0.007 -13"><span class='ocrx_word' id='word_1_241' title='bbox 520 4473 670 4538; x_wconf 88' lang='lat' dir='ltr'><strong>Vidimus</strong></span> <span class='ocrx_word' id='word_1_242' title='bbox 685 4479 719 4536; x_wconf 89' lang='lat' dir='ltr'><strong>et</strong></span> <span class='ocrx_word' id='word_1_243' title='bbox 733 4467 871 4534; x_wconf 88' lang='lat' dir='ltr'><strong>merulas</strong></span> <span class='ocrx_word' id='word_1_244' title='bbox 884 4467 959 4551; x_wconf 91' lang='lat' dir='ltr'><strong>poni</strong></span> <span class='ocrx_word' id='word_1_245' title='bbox 973 4474 1007 4532; x_wconf 89' lang='lat' dir='ltr'><strong>et</strong></span> <span class='ocrx_word' id='word_1_246' title='bbox 1021 4466 1091 4531; x_wconf 90' lang='lat' dir='ltr'><strong>sine</strong></span> <span class='ocrx_word' id='word_1_247' title='bbox 1105 4467 1199 4532; x_wconf 90' lang='lat' dir='ltr'><strong>clune</strong></span> <span class='ocrx_word' id='word_1_248' title='bbox 1212 4468 1388 4552; x_wconf 85' lang='lat' dir='ltr'><strong>palumbes,</strong></span> <span class='ocrx_word' id='word_1_249' title='bbox 1477 4477 1517 4539; x_wconf 90' lang='grc'><strong>9]</strong></span> 
     </span>
     <span class='ocr_line' id='line_1_35' title="bbox 524 4582 1302 4663; baseline -0.009 -12"><span class='ocrx_word' id='word_1_250' title='bbox 524 4587 641 4650; x_wconf 87' lang='lat' dir='ltr'><strong>Suaves</strong></span> <span class='ocrx_word' id='word_1_251' title='bbox 656 4605 717 4663; x_wconf 89' lang='lat' dir='ltr'><strong>res,</strong></span> <span class='ocrx_word' id='word_1_252' title='bbox 733 4582 760 4646; x_wconf 85' lang='lat' dir='ltr'><strong>si</strong></span> <span class='ocrx_word' id='word_1_253' title='bbox 774 4601 841 4645; x_wconf 91' lang='lat' dir='ltr'><strong>non</strong></span> <span class='ocrx_word' id='word_1_254' title='bbox 855 4599 966 4644; x_wconf 86' lang='lat' dir='ltr'><strong>causas</strong></span> <span class='ocrx_word' id='word_1_255' title='bbox 980 4587 1125 4644; x_wconf 86' lang='lat' dir='ltr'><strong>narraret</strong></span> <span class='ocrx_word' id='word_1_256' title='bbox 1139 4601 1249 4644; x_wconf 89' lang='lat' dir='ltr'><strong>earum</strong></span> <span class='ocrx_word' id='word_1_257' title='bbox 1269 4587 1302 4644; x_wconf 89' lang='lat' dir='ltr'><strong>et</strong></span> 
     </span>
    </p>
   </div>
   <div class='ocr_carea' id='block_1_5' title="bbox 959 4753 1078 4803">
    <p class='ocr_par' dir='ltr' id='par_1_7' title="bbox 959 4753 1078 4803">
     <span class='ocr_line' id='line_1_36' title="bbox 959 4753 1078 4803; baseline 0 0"><span class='ocrx_word' id='word_1_258' title='bbox 959 4755 1000 4803; x_wconf 84' lang='grc'><strong>88.</strong></span> <span class='ocrx_word' id='word_1_259' title='bbox 1018 4753 1078 4803; x_wconf 83' lang='lat' dir='ltr'><strong>albi.</strong></span> 
     </span>
    </p>
   </div>
   <div class='ocr_carea' id='block_1_6' title="bbox 0 0 1730 5667">
    <p class='ocr_par' dir='ltr' id='par_1_8' title="bbox 0 0 1730 5667">
     <span class='ocr_line' id='line_1_37' title="bbox 0 0 1730 5667; baseline 0 1"><span class='ocrx_word' id='word_1_260' title='bbox 0 0 1730 5667; x_wconf 95' lang='lat' dir='ltr'><strong> </strong></span> 
     </span>
    </p>
   </div>
  </div>
 </body>
</html>
