3450 5667
781 731 814 807 Q.
837 733 995 792 nonrrr
1012 731 1157 790 rnreer

595 895 767 978 Mirsmur,
783 899 810 961 si
825 897 1005 962 Democriti
1019 919 1117 982 pecus
1130 897 1198 961 edit
1212 896 1337 980 agellos

595 1007 765 1092 Cultaque,
781 1007 858 1072 dum
875 1029 1006 1092 peregre
1020 1017 1070 1072 est
1084 1007 1211 1071 suimus
1225 1007 1297 1070 sine
1312 1026 1447 1090 corpore
1460 1005 1533 1068 relos
1540 1031 1548 1080 ;

596 1119 680 1182 Cum
695 1129 732 1182 tu
747 1117 832 1182 inter
846 1119 985 1183 scabiem
1000 1127 1126 1182 tantam
1140 1126 1175 1182 et
1189 1119 1344 1201 contagia
1357 1117 1439 1181 lueri

596 1229 653 1293 Nil
669 1250 801 1312 parvum
816 1230 921 1314 sapias
934 1237 968 1294 et
983 1229 1087 1293 adhue
1102 1229 1252 1293 sublimia
1265 1249 1386 1292 eures:
1540 1227 1569 1284 15

597 1341 678 1406 Ques
693 1361 781 1404 mare
796 1348 1000 1424 compescant
1014 1361 1129 1417 cause,
1145 1339 1223 1423 quid
1237 1347 1401 1422 temperet
1414 1357 1530 1410 anuum,

599 1450 708 1515 Stellae
722 1459 835 1535 sponte
851 1473 919 1528 sus,
931 1451 1073 1534 jussaeue
1086 1460 1243 1534 vagentur
1255 1460 1292 1514 et
1307 1458 1429 1525 errent,

598 1559 686 1626 Quid
701 1569 826 1646 premat
840 1561 1014 1625 obscurum
1028 1561 1122 1638 lunae,
1139 1561 1217 1644 quid
1232 1561 1379 1644 proferat
1393 1559 1504 1634 orben,

598 1671 686 1738 Quid
702 1670 777 1734 velit
792 1679 825 1734 et
840 1671 940 1756 possit
955 1693 1063 1736 rerum
1077 1671 1248 1736 eoncordia
1261 1671 1400 1748 discors,

386 1801 433 1844 see.
444 1801 465 1840 s
475 1801 494 1841 a.
504 1801 524 1841 s.
534 1799 566 1840 se
597 1781 816 1865 Empedocles,
832 1803 875 1845 an
891 1783 1082 1846 Stertinium
1097 1783 1210 1847 deliret
1224 1803 1378 1845 acumen.
1540 1777 1572 1838 20

597 1893 731 1970 Verum,
748 1913 804 1956 seu
819 1893 922 1977 pisces
936 1914 992 1956 seu
1009 1914 1139 1976 porrum
1153 1901 1187 1956 et
1201 1913 1287 1975 cepe
1303 1891 1457 1967 trucidas,

388 1999 567 2091 {lg-Ysfss·
600 2003 700 2066 Utere
716 2002 869 2086 Pompeio
884 2002 1034 2086 Grospho
1048 2010 1092 2080 ct,
1107 2001 1134 2064 si
1149 2001 1226 2085 quid
1240 2009 1344 2085 petet,
1360 2002 1446 2064 ultro

387 2135 432 2188 res.
443 2137 468 2178 c.
478 2137 497 2176 s.
506 2137 525 2176 s
536 2137 567 2176 n.
599 2113 698 2176 Deler
706 2138 716 2190 3
739 2112 786 2176 nil
801 2112 967 2196 Grosphus
981 2113 1045 2175 nisi
1060 2133 1170 2176 verum
1184 2111 1289 2177 orabit
1305 2119 1342 2176 et
1357 2133 1490 2194 aequnm.

599 2222 682 2286 Vilis
696 2223 873 2286 amicorum
888 2229 938 2286 est
951 2243 1089 2301 sunone,
1105 2223 1198 2286 bonis
1211 2223 1268 2286 ubi
1282 2223 1366 2306 quid
1382 2223 1477 2287 deest

600 2333 652 2398 Ne
667 2341 776 2397 tamen
791 2334 930 2416 ignores,
945 2355 1009 2416 quo
1024 2334 1067 2397 sit
1084 2335 1230 2398 Romana
1244 2335 1317 2398 looo
1332 2357 1405 2399 res:

389 2463 445 2502 can.
456 2461 479 2500 c.
490 2463 509 2500 ².
519 2463 539 2501 u.
550 2461 569 2502 ².
600 2443 761 2508 Cantaber
775 2431 937 2528 rigrippae,
954 2444 1070 2510 blaudi
1084 2445 1203 2508 virtute
1217 2445 1363 2508 Neronis

389 2575 442 2618 err.
453 2577 476 2618 e.
487 2579 506 2618 s.
516 2579 535 2617 a.
547 2577 578 2618 u.
599 2557 773 2620 Armenius
788 2556 904 2620 cecidit
912 2583 923 2635 ς
941 2557 998 2639 jus
1011 2557 1243 2641 imperiumque
1259 2557 1422 2622 Phraates

600 2669 733 2732 Caesaris
748 2669 872 2753 aceepit
886 2669 1021 2752 genibus
1035 2670 1160 2747 minor;
1184 2691 1280 2734 aurea
1293 2671 1409 2756 fruges

389 2803 420 2842 ιο-
432 2789 455 2831 ⁰·
471 2789 572 2830 ¹·1⁷·¹⁰·
602 2779 706 2842 Italiae
720 2778 815 2863 pleno
829 2779 977 2844 defundit
991 2778 1095 2864 Cepis
1109 2801 1219 2845 eomu.

604 3339 656 3402 Ur
671 3338 924 3422 proficiscentem
939 3339 1033 3404 docui
1047 3349 1081 3404 te
1095 3361 1178 3425 saepe
1193 3340 1321 3424 diuque,

604 3445 750 3530 Augusto
766 3449 878 3514 reddes
893 3450 1019 3534 signata
1032 3452 1205 3530 volumius,
1222 3450 1309 3529 Vini,

391 3583 410 3620 r·
422 3569 562 3660 {pfl-'¹531‘
604 3557 639 3619 Si
654 3556 789 3636 validus,
805 3559 831 3620 si
847 3559 941 3622 loetus
955 3561 1027 3638 erit,
1044 3561 1070 3624 si
1086 3561 1223 3646 denique
1237 3572 1371 3647 poscet,

603 3667 655 3730 Ne
671 3667 778 3732 studio
793 3670 895 3732 nostri
909 3691 1021 3754 pecces
1035 3672 1209 3756 odiumque
1223 3675 1337 3738 libellis

604 3777 740 3840 Sedulus
754 3779 907 3862 importes
922 3801 1017 3863 opera
1031 3783 1220 3848 vehemente
1234 3786 1397 3853 minister.

604 3888 639 3951 Si
655 3895 688 3951 ts
703 3888 785 3952 lorte
801 3911 882 3954 meae
896 3891 1001 3973 gravis
1017 3901 1090 3956 uret
1103 3895 1228 3958 sereins
1243 3896 1376 3976 ehsrtae,

603 3999 733 4064 Abicite
748 4001 867 4084 potins,
884 4024 980 4086 quam
996 4026 1059 4087 quo
1074 4006 1212 4088 perferre
1223 4007 1346 4090 juberis

603 4109 745 4174 Clitellas
759 4110 846 4175 ferus
861 4113 1021 4198 impingas
1035 4117 1208 4201 Asinaeque
1223 4127 1399 4202 paternum

385 4237 437 4285 sar.
448 4237 513 4286 epu.
525 4237 543 4278 1.
555 4239 574 4278 a.
602 4222 789 4304 Cognomen
804 4231 908 4286 vertes
922 4224 958 4286 in
971 4225 1072 4290 risum
1088 4237 1121 4290 et
1135 4228 1245 4293 fabula
1258 4231 1325 4295 fias.

602 4333 733 4396 Viribus
748 4333 847 4397 uteris
864 4335 1042 4429 perdives,
1059 4338 1203 4414 flumina,
1218 4341 1339 4420 lamas;

603 4443 716 4505 Victor
729 4445 882 4526 propositi
897 4445 994 4509 simul
1008 4469 1046 4511 ae
1059 4451 1243 4531 perveneris
1253 4452 1339 4530 illue,

604 4553 657 4615 Sie
671 4551 809 4635 positum
827 4556 967 4620 servabis
981 4578 1074 4638 onus,
1090 4581 1132 4623 ne
1147 4561 1230 4625 forte
1244 4562 1304 4626 sub
1320 4565 1369 4626 ela

1568 3731 1582 3844 ὲ

603 4716 641 4762 13.
661 4713 829 4778 iporegrest.
897 4721 937 4767 24„
957 4719 1156 4769 lernieorumst.
1208 4723 1248 4770 29.
1266 4723 1374 4776 defudit.
1453 4728 1477 4780 7.
1495 4747 1509 4779 a
1529 4728 1582 4776 'ici'
