3450 5667
499 741 735 803 SATIRARUM
771 743 850 802 tre.
880 742 924 802 11.
955 741 975 801 i.

150 893 182 952 55
205 891 260 970 t’t,
276 913 386 976 neque
402 892 488 956 calce
503 894 597 977 lupus
613 914 806 978 quemquam
822 915 927 978 neque
942 894 1038 958 dente
1063 892 1144 979 petit

309 1003 393 1067 bos:

208 1112 269 1175 Sed
282 1114 371 1176 mala
385 1113 479 1178 tollet
494 1134 593 1177 snum
608 1113 720 1178 utieto
735 1113 829 1178 melle
845 1114 960 1179 cicuta.

207 1223 257 1286 Ne
270 1223 407 1308 longum
421 1225 557 1288 facim:
583 1245 640 1288 seu
655 1246 707 1289 me
721 1225 897 1308 tranquilla
910 1234 1058 1290 senectus

209 1335 380 1416 Exspectat
395 1355 453 1398 seu
468 1335 561 1398 Mors
576 1335 653 1398 atris
668 1335 960 1414 circumvolutum,
1157 1359 1197 1402 ιιι.
1207 1361 1231 1402 c.
1241 1363 1261 1402 ι.
1272 1363 1303 1403 ιι.
1312 1363 1345 1402 as.

211 1444 314 1522 Dives,
329 1446 436 1529 inops,
453 1445 579 1523 Romte,
596 1466 653 1509 seu
666 1445 733 1508 fors
748 1446 793 1509 its
805 1447 948 1529 jusserit,
963 1447 1064 1524 exsul,

157 1555 193 1613 (30
214 1555 363 1638 Quisquis
378 1557 441 1618 crit
457 1557 545 1646 ri-tae,
561 1555 708 1633 scribam,
726 1557 821 1620 color.
868 1558 898 1622 Ο
912 1578 1003 1642 puer,
1017 1565 1056 1620 ut
1069 1557 1113 1620 sis
1128 1600 1132 1611 ·
1157 1585 1198 1626 001.
1209 1585 1234 1626 r.
1245 1584 1264 1626 1.
1274 1585 1305 1627 ιι.
1315 1585 1348 1625 n.
1418 1623 1421 1628 .

212 1664 325 1728 Vitatis
339 1673 463 1744 metuo,
479 1673 513 1730 et
527 1667 686 1751 majorum
702 1687 743 1730 ne
758 1667 830 1750 quis
845 1667 968 1731 ernieus
1157 1701 1210 1752 ..4
1219 1699 1245 1740 r.
1255 1701 1276 1743 ι,
1287 1699 1318 1740 17,
1327 1701 1348 1742 2,

214 1774 339 1857 Frigore
354 1784 388 1840 te
403 1777 507 1840 feriat.
554 1775 665 1843 Quid?
687 1797 762 1840 cum
776 1784 825 1840 est
840 1777 985 1840 Lucilius
999 1799 1095 1840 ansus

216 1885 338 1949 Primus
354 1887 389 1950 in
402 1885 490 1950 hune
505 1886 608 1970 operia
623 1907 812 1970 componere
827 1887 970 1950 carmine
984 1908 1118 1965 morem,

216 1995 389 2061 Detrahere
404 2005 437 2060 et
451 1997 578 2081 pellem,
594 1996 715 2060 nitidus
730 2019 795 2080 qua
809 1998 943 2081 quisque
958 2018 1015 2081 per
1028 2019 1085 2061 ore
1157 2027 1189 2076 ⁶⁴·
1199 2023 1225 2066 r.
1236 2025 1254 2066 ι.
1265 2025 1296 2067 ιι.
1305 2025 1338 2066 o.

163 2106 196 2163 65
218 2105 347 2169 (lederet
361 2107 538 2170 introrsum
552 2107 676 2190 turpis;
699 2128 778 2170 num
794 2107 914 2172 Laelim
930 2115 988 2170 eut
1003 2108 1059 2189 qui

217 2215 312 2279 Duxit
327 2217 368 2281 eb
382 2239 532 2302 oppressa
544 2218 696 2282 meritum
711 2218 910 2302 Carthagine
928 2239 1056 2297 nomen,
1157 2253 1189 2293 ω,
1199 2251 1224 2293 0,
1234 2252 1253 2293 ι
1262 2254 1282 2293 0,
1293 2253 1325 2294 1⁸.

219 2327 350 2410 Ingenio
363 2329 476 2393 offensi
492 2335 548 2392 aut
561 2329 638 2391 lseso
652 2327 780 2392 doluere
796 2327 934 2392 Metello
1157 2351 1203 2393 ια,
1209 2353 1294 2442 ⁸²1²}3,
1310 2405 1337 2442 w

219 2437 418 2523 Femosiaque
433 2439 527 2522 Lupo
542 2446 691 2522 cooperto
706 2438 876 2502 versibus?
920 2439 1023 2522 Atqui
1224 2432 1230 2443 ’
1253 2433 1259 2444 ’
1295 2432 1300 2443 ’
1336 2432 1343 2444 ’

219 2547 372 2612 Primores
385 2548 496 2632 populi
512 2547 644 2630 erripuit
658 2548 876 2632 populumque
888 2547 1047 2626 tributim,
1158 2575 1236 2619 ms.
1246 2577 1348 2618 esau

169 2657 203 2715 50
223 2655 345 2721 Scilicet
358 2659 416 2721 uni
431 2679 543 2740 aequus
557 2657 668 2720 virtuti
684 2666 780 2741 utque
796 2658 866 2740 ejus
881 2657 1002 2722 amicis.

223 2767 306 2831 Quin
319 2767 375 2830 ubi
389 2788 423 2831 se
438 2788 458 2829 e
470 2767 565 2850 volgo
579 2774 612 2830 et
627 2787 721 2830 scene
733 2767 769 2829 in
784 2775 907 2830 mereto
920 2776 1083 2831 remorant

222 2876 328 2940 Virtus
343 2877 498 2962 Scipindae
513 2885 547 2940 et
562 2877 651 2940 mitis
666 2877 822 2960 sapientia
837 2876 929 2955 Loeli,

221 2987 341 3070 Nugeri
355 3009 428 3051 cum
443 2987 499 3051 illo
514 2994 547 3051 et
562 2986 710 3050 discincti
725 2987 845 3066 ludere,
862 2987 964 3053 donee
1160 3031 1211 3071 m.
1221 3019 1247 3060 n.
1256 3019 1274 3059 1.
1285 3019 1355 3060 roso.

223 3097 543 3182 Decoqueretruolus,
554 3098 650 3162 soliti.
669 3098 835 3181 Quidquid
843 3121 917 3162 sum
926 3100 1147 3182 ego,qunmvis
1159 3120 1204 3161 oo.
1210 3119 1235 3209 q
1245 3121 1264 3208 q
1274 3119 1294 3208 q

173 3209 205 3268 75
225 3209 308 3272 infra
320 3209 423 3274 Lucili
438 3229 571 3273 censum
584 3209 824 3292 ingeniumque,
840 3216 950 3272 tamen
964 3231 1018 3274 me
1231 3200 1237 3210 ’
1261 3199 1301 3260 ’17ἷ

226 3319 302 3383 Cum
316 3321 439 3402 magnis
454 3319 569 3383 vixisse
583 3320 684 3382 invite
698 3319 853 3384 fatebitur
867 3341 970 3403 usque
1160 3321 1191 3371 2⁶·
1201 3319 1227 3362 ¹³·
1238 3321 1256 3360 ¹·
1265 3319 1297 3408 {gg
1344 3345 1351 3367 ·

225 3428 342 3493 Invidia
355 3437 387 3494 et
400 3431 506 3514 fragili
521 3451 665 3513 querens
679 3429 801 3494 illidere
822 3431 953 3494 dentem

227 3539 367 3604 Offendet
381 3541 491 3620 solido,
506 3541 569 3604 nisi
584 3540 662 3624 quid
676 3548 724 3619 tu,
740 3540 832 3605 docte
847 3540 987 3619 Trebati,

1303 3121 1336 3159 w.

1306 3171 1331 3210 2:

1312 3219 1343 3259 13.

1307 3320 1333 3358 π
1344 3331 1350 3343 Ι

1307 3369 1339 3408 2³.

226 3649 386 3716 Distentis.
429 3651 590 3735 Equidem
605 3651 688 3715 nihil
702 3650 778 3715 hinc
793 3652 958 3716 diffindere
972 3674 1100 3737 possum
1113 3679 1124 3733 ς

175 3757 208 3818 80
228 3759 285 3824 Sed
298 3769 404 3826 tamen
417 3771 456 3828 ut
469 3763 612 3827 monitus
628 3783 747 3842 caveas,
764 3783 805 3826 ne
820 3763 903 3828 forte
917 3766 1028 3848 negoti

228 3871 362 3936 Incutiat
374 3873 433 3938 tibi
448 3873 523 3957 quid
540 3880 723 3936 sanctamm
738 3873 865 3936 inscitia
877 3874 1007 3958 legum:

227 3981 258 4043 si
270 3984 353 4046 mala
366 3983 544 4048 condiderit
559 3983 593 4046 in
609 4005 705 4066 quem
720 3984 791 4066 quis
807 3984 959 4063 earmina,
972 3986 1027 4069 jus
1041 3992 1090 4049 est
1161 3997 1193 4035 ³²·
1203 3993 1229 4033 Β·
1239 3993 1258 4032 ²·
1269 3993 1288 4032 ¹-
1299 3991 1342 4031 ¹⁵²·

228 4091 453 4178 iudiciumque.
499 4095 593 4171 Esto,
608 4094 635 4157 si
652 4093 723 4177 quia
738 4094 841 4158 male:
865 4096 922 4158 sed
936 4094 1021 4160 bona
1035 4096 1063 4159 si
1078 4096 1148 4179 quis

229 4201 333 4267 lodice
348 4203 525 4268 condiderit
539 4203 688 4268 laudatus
703 4205 853 4269 Caessre?
876 4205 904 4268 si
919 4205 990 4288 quia

179 4311 209 4370 85
229 4311 404 4395 Opprobriis
419 4313 555 4399 dignum
569 4313 745 4392 latraverit,
760 4313 886 4398 integer
901 4314 967 4398 ipse
979 4315 994 4378 l

230 4423 388 4488 Solventur
401 4427 470 4490 risu
484 4425 614 4504 tabulae,
632 4432 669 4488 tu
684 4425 802 4488 missus
817 4423 931 4488 abibis.

230 4583 265 4634 e.
281 4565 393 4670 rmqtt.
460 4585 502 4638 ss.
519 4587 612 4650 etqui.
679 4585 720 4638 ιι.
737 4587 822 4651 vugo.
891 4585 1073 4636 stannus.
