3450 5667
829 747 864 822 Q.
885 746 1044 808 noem
1059 747 1204 808 FLAOOI

614 909 759 976 Unetum
774 910 845 976 oleo
859 911 949 996 largo
962 911 1059 977 nudis
1073 913 1215 978 humeris
1228 913 1306 978 tulit
1318 912 1417 992 beros,

613 1021 742 1086 Scilicet
756 1021 841 1086 elabi
854 1022 1165 1106 sipossetmortus3
1188 1025 1293 1103 eredo,
1571 1084 1572 1113 3

612 1133 708 1202 Quod
722 1135 860 1198 nimium
874 1135 1037 1199 institerat
1050 1136 1178 1200 viventi.
1222 1137 1345 1200 Cautus
1359 1135 1446 1210 adito,
1571 1136 1572 1200 3

400 1273 431 1320 o.
443 1269 467 1310 s.
478 1271 496 1312 ι.
506 1271 566 1314 uss
610 1243 686 1307 Neu
701 1243 784 1308 desis
799 1267 903 1329 opem
916 1267 996 1309 neve
1009 1245 1239 1310 immoderatus
1252 1246 1401 1310 abundes.

612 1359 783 1424 Difficilem
798 1366 831 1422 et
846 1380 1010 1422 morosum
1024 1359 1165 1423 offendet
1180 1359 1347 1442 garrulum
1369 1359 1447 1420 ultro
1525 1355 1554 1414 {b

611 1471 689 1535 Non
705 1471 801 1534 etiam
817 1468 919 1533 silens.
963 1470 1073 1532 Demus
1087 1471 1131 1533 sis
1145 1451 1394 1552 oomieus'atque

613 1583 686 1646 Stes
700 1581 803 1664 eapite
818 1581 953 1663 obstipo,
970 1581 1109 1643 multum
1123 1581 1237 1644 similis
1250 1579 1413 1644 metuenti.

611 1691 775 1775 Obsequio
791 1711 954 1774 grassem
977 1711 1083 1768 mone,
1098 1691 1126 1754 si
1139 1690 1299 1754 increbuit
1313 1711 1399 1768 suro,
1454 1710 1459 1717 ’

611 1801 734 1865 Cuutm
748 1801 798 1864 uti
813 1800 896 1864 velet
910 1821 1020 1863 corum
1034 1807 1131 1883 ceput
1139 1825 1149 1878 ;
1172 1801 1304 1863 extrahe
1318 1800 1410 1864 turba

612 1909 775 1996 Oppositis
789 1909 929 1988 umeris3
952 1931 1063 1973 aurem
1078 1910 1259 1991 substringe
1272 1911 1407 1994 loquaci.
1526 1909 1553 1967 {b

403 2033 584 2086 vtem-1¹·
611 2023 821 2104 Importunus
836 2029 924 2083 amet
937 2021 1078 2084 laudari:
1102 2021 1202 2084 donee
1217 2021 1289 2085 Ohe
1299 2022 1388 2104 jumi

610 2131 663 2194 Ad
678 2131 790 2194 celum
805 2130 955 2195 manibus
968 2132 1102 2196 sublatis
1116 2132 1242 2209 dixerit,
1257 2155 1349 2216 urge,

611 2243 815 2306 Crescentem
830 2241 963 2304 tumidis
977 2241 1056 2304 infla
1068 2243 1268 2306 sermonibus
1279 2253 1396 2307 utrem.

611 2355 694 2418 Cum
710 2359 742 2414 te
757 2351 887 2415 servitio
900 2351 997 2435 longo
1011 2373 1149 2436 curaque
1162 2355 1274 2417 levarit

611 2465 655 2528 Et
670 2471 794 2528 eertum
808 2463 953 2546 vigilans,
969 2465 1103 2530 Quartoe
1117 2465 1160 2528 sit
1173 2465 1272 2548 partis
1286 2466 1406 2542 Ulixes,
1515 2457 1558 2518 1⁰⁰

397 2589 442 2630 era·
454 2577 477 2618 ⁰·
488 2579 506 2618 ¹·
516 2578 548 2618 Ἀ
559 2580 578 2620 ⁵·
610 2573 771 2650 Audieris,
787 2573 899 2636 heres:
923 2575 1012 2656 Ergo
1025 2595 1112 2637 nunc
1127 2575 1232 2638 Dema
1245 2574 1363 2637 sedulis

397 2691 449 2732 'ud-
461 2692 481 2733 Β·
492 2695 510 2734 ²·
521 2693 595 2737 211⁸·
608 2685 779 2768 Nusquam
794 2687 867 2748 est?
889 2685 976 2748 unde
989 2685 1070 2747 mibi
1084 2693 1152 2748 tam
1166 2685 1282 2748 fortem
1296 2693 1424 2768 tamque
1435 2678 1550 2743 fideli-m?

395 2807 442 2850 nb·
453 2807 478 2850 B·
488 2809 507 2850 1·
517 2811 535 2851 Β.
546 2810 577 2852 lt
610 2797 730 2879 Sparge
745 2795 881 2858 subinde
895 2803 939 2872 et,
954 2795 982 2858 si
996 2795 1128 2878 paulum
1144 2803 1242 2878 potes,
1257 2797 1458 2868 illacrimure3
1476 2798 1514 2851 est

610 2906 737 2972 Gaudia
751 2905 938 2989 prodentem
953 2905 1078 2968 voltum
1092 2907 1204 2969 celare.
1250 2907 1431 2988 Sepulcrum

610 3015 806 3079 Permissum
822 3017 954 3080 arbitrio
968 3017 1036 3080 sine
1049 3015 1195 3080 sordibus
1209 3025 1356 3080 exstrue:
1378 3017 1465 3080 funus
1516 3005 1558 3068 105

608 3127 745 3211 Egregie
760 3127 882 3190 foetum
896 3128 1006 3191 laudet
1019 3128 1146 3191 vicinis.
1193 3129 1229 3192 si
1243 3129 1315 3210 quis

609 3239 706 3302 Forte
720 3237 912 3302 coheredum
927 3239 1031 3302 senior
1045 3239 1129 3302 mole
1143 3239 1266 3316 tussiet,
1281 3238 1359 3302 huic
1372 3247 1410 3302 tu

609 3349 682 3426 Dio,
699 3369 738 3412 ex
752 3356 842 3432 parte
857 3357 915 3412 tua
929 3371 986 3413 seu
999 3349 1091 3412 fundi
1105 3349 1170 3413 sire
1185 3349 1299 3413 domus
1312 3349 1356 3412 sit

608 3459 755 3542 Emptor,
771 3458 966 3542 gaudentem
980 3481 1114 3524 nummo
1128 3467 1161 3522 te
1175 3460 1330 3524 addicere.
1377 3457 1438 3524 Sed
1450 3475 1495 3518 me

609 3571 785 3652 Imperiosa
799 3569 900 3634 trabit
915 3571 1101 3654 Proserpina
1113 3597 1120 3635 ι
1143 3571 1212 3635 vive
1222 3571 1365 3653 valeque.
1521 3559 1565 3622 1¹⁰

1092 3951 1155 4014 VI.

394 4107 590 4150 vor.B.1.1s.1oo.
608 4083 684 4146 Hoc
700 4090 768 4146 eret
782 4081 817 4145 in
834 4083 934 4147 votis:
956 4084 1072 4148 modus
1087 4086 1154 4168 egri
1168 4107 1233 4150 non
1249 4088 1295 4151 ito
1308 4109 1455 4172 magnus,

608 4195 733 4259 Hortus
747 4195 803 4258 ubi
816 4200 849 4257 et
864 4203 952 4260 teoto
966 4196 1090 4260 vicinus
1099 4198 1187 4281 jugis
1201 4219 1293 4281 equae
1306 4199 1378 4262 fons

605 4307 650 4368 Et
665 4305 795 4390 paulum
810 4305 897 4368 silvas
912 4328 1008 4390 super
1021 4308 1072 4370 his
1085 4309 1178 4373 ieret.
1223 4311 1360 4374 Aeetius
1374 4317 1470 4394 atque
1569 4346 1570 4375 ι

393 4429 441 4470 ses.
453 4431 473 4472 s.
484 4433 502 4472 1.
514 4431 532 4472 4.
543 4431 574 4473 ιν.
605 4415 649 4478 Di
664 4415 778 4480 melius
792 4415 904 4479 fecere.
949 4417 1038 4481 Bene
1053 4428 1122 4482 cst:
1145 4419 1226 4482 nihil
1242 4419 1378 4504 amplius
1393 4443 1458 4496 oro,

392 4489 421 4519 fl·
472 4512 476 4520 ·
504 4510 555 4522 ..ι
584 4512 589 4523 .

389 4480 470 4600 nidi.
481 4481 502 4595 p
510 4483 583 4596 iiii
605 4526 694 4588 Maia
708 4535 792 4604 uate,
809 4526 870 4588 nisi
884 4534 922 4590 ut
935 4528 1062 4610 propria
1076 4528 1146 4592 haeo
1160 4530 1240 4592 mihi
1254 4551 1389 4594 munera
1402 4529 1488 4594 faxis.
1558 4521 1570 4593 ³,

620 4683 661 4735 97.
678 4691 788 4750 urguet.
857 4689 913 4736 100.
931 4693 996 4736 osto.
1064 4690 1120 4738 102.
1139 4689 1325 4753 inusquamst.
1399 4692 1456 4742 1⁰5.
1473 4690 1560 4738 vultum.

968 4757 992 4806 4.
1010 4753 1143 4803 ?bcucst:
1167 4757 1214 4804 nil.
