3450 5667
299 709 357 765 14⁶
706 707 739 782 o.
761 707 920 768 noum
935 707 1081 769 masor

511 870 540 934 Ε
556 869 671 955 quibus
685 893 771 937 nnus
786 881 873 937 amet
887 872 997 956 quavis
1012 871 1201 958 adspergere
1214 881 1349 940 ounetos

297 989 366 1043 Μ·
376 989 398 1034 ⁸·
408 992 427 1034 ²
437 992 457 1034 ²
466 993 498 1033 ⁰⁹·
512 987 635 1050 Praeter
649 1007 724 1051 eum
739 987 794 1070 qui
802 985 1073 1070 praebetaqnam3
1087 987 1256 1072 posthunc
1265 1010 1394 1074 quoqne
1404 999 1516 1075 potus,

299 1123 332 1171 a,
343 1119 368 1162 o.
378 1121 398 1162 a.
407 1119 439 1162 n.
450 1117 481 1160 rs.
512 1095 652 1160 Condita
666 1117 740 1160 eum
755 1117 849 1162 verax
863 1097 966 1181 aperit
979 1097 1156 1181 praeoordia
1169 1098 1280 1164 Liber.

512 1204 579 1270 Hie
593 1207 653 1271 tibi
670 1207 770 1272 onmis
784 1217 818 1272 et
832 1208 976 1272 urbanus
988 1208 1133 1292 liberque
1146 1209 1285 1290 videtur,
1469 1217 1518 1277 00

512 1316 638 1382 Iniesto
652 1317 752 1401 nigris
763 1343 773 1398 ς
797 1339 857 1402 ego
871 1318 900 1382 si
913 1318 982 1398 risi,
996 1318 1081 1402 quod
1096 1319 1227 1404 ineptam

299 1445 332 1485 aa
343 1432 364 1474 ⁸·
374 1432 393 1474 ¹·
402 1433 421 1474 ²·
431 1433 463 1476 ²2·
489 1447 496 1460 ·
511 1428 661 1494 Pastillos
674 1428 812 1494 Rufillus
825 1430 901 1508 olet,
918 1429 1101 1512 Gorgonius
1114 1429 1252 1510 huoum,

512 1539 645 1604 Lividua
660 1546 694 1604 et
708 1539 840 1604 mordax
854 1538 964 1604 videor
977 1539 1066 1604 tibi?
1109 1540 1239 1606 Mentio
1252 1541 1281 1606 ai
1294 1563 1360 1624 qua

511 1650 562 1714 De
578 1650 750 1734 Capitolini
764 1649 859 1714 furtis
872 1649 994 1734 injecta
1007 1649 1117 1715 Petilli

512 1762 558 1824 Te
572 1781 679 1824 eoram
694 1760 801 1839 merit,
817 1759 981 1840 delendae,
995 1769 1034 1824 ut
1048 1769 1125 1824 tuus
1137 1767 1187 1824 est
1201 1781 1292 1827 mosa
1344 1775 1351 1781 ⁴
1468 1768 1514 1829 95

512 1872 571 1935 Me
586 1870 786 1955 Capitolinus
800 1870 981 1936 convictore
994 1891 1072 1934 usus
1086 1870 1252 1954 amieoque

512 1984 544 2047 A
558 2001 657 2064 puero
671 1989 732 2059 ert,
747 2001 905 2064 causaque
918 2001 992 2046 mea
1003 1980 1164 2064 permulta
1176 1988 1310 2065 rogatus

513 2093 613 2170 Fecit,
629 2099 663 2156 et
676 2092 847 2156 incolumis
861 2093 954 2158 lator
967 2091 1054 2174 quod
1067 2091 1145 2156 vivit
1158 2092 1194 2155 in
1207 2091 1308 2170 urbe;

514 2202 577 2266 Sed
592 2210 702 2266 tamen
716 2201 868 2280 admiror,
882 2223 946 2286 quo
960 2209 1054 2285 puoto
1063 2201 1222 2285 judicium
1236 2201 1317 2266 illud

513 2313 656 2396 Fugerit.
702 2311 769 2376 Hie
782 2312 884 2396 nigrae
896 2333 1011 2376 suoous
1025 2311 1175 2396 loliginis,
1190 2311 1261 2376 haee
1274 2319 1324 2376 est
1449 2317 1516 2377 100

513 2424 638 2507 AErugo
652 2444 761 2502 mera;
785 2421 871 2506 quod
884 2423 999 2486 vitium
1015 2423 1124 2505 procul
1138 2421 1224 2486 aiore
1238 2421 1360 2488 chartis

511 2539 621 2620 Atque
636 2535 742 2600 animo
756 2535 855 2620 priua,
871 2541 910 2598 ut
924 2534 951 2598 si
966 2533 1045 2618 qnid
1058 2534 1244 2620 promittere
1258 2534 1298 2600 de
1312 2555 1365 2600 me

511 2648 645 2711 Possum
660 2646 746 2710 aliud
760 2667 843 2724 vere,
858 2646 1022 2730 promitto.
1067 2645 1257 2712 ldberiussi

511 2758 632 2846 Dixero
646 2756 734 2840 quid,
749 2757 777 2820 si
791 2755 875 2821 forte
885 2757 1037 2840 joeosius,
1053 2755 1115 2821 hoe
1128 2756 1209 2820 mihi
1219 2755 1304 2840 juris

511 2872 595 2935 Cum
610 2867 703 2934 venia
717 2867 807 2932 dabis
820 2893 827 2932 :
851 2868 992 2932 insuevit
1005 2875 1097 2952 pater
1110 2867 1251 2951 optimus
1264 2867 1326 2932 hoe
1339 2889 1393 2934 me
1447 2873 1513 2934 105

512 2982 560 3046 Ut
574 2979 719 3064 fugerem
734 2978 887 3062 exemplis
900 2979 1052 3043 vitiorum
1067 2999 1200 3063 quaeque
1214 2977 1368 3045 notando.
1471 2967 1475 2972 ’

298 3113 348 3155 aar·
359 3101 383 3144 ⁰·
394 3102 412 3144 1·
422 3103 454 3144 ³1·
465 3103 496 3146 ¹⁷·
511 3093 595 3156 Cum
610 3111 662 3154 me
675 3089 869 3168 hortaretur,
884 3108 988 3174 poree,
1003 3089 1172 3172 frugaliter
1184 3097 1282 3174 atque

374 3197 379 3207 ’
510 3204 660 3268 Viverem
676 3202 725 3266 uti
739 3209 911 3266 contentus
925 3221 973 3278 eo,
990 3200 1076 3284 qnod
1089 3200 1136 3264 mi
1149 3201 1218 3285 ipse
1231 3208 1395 3286 pmasset:

299 3319 349 3360 Μὶ-
362 3319 436 3360 21³⁵·
509 3313 629 3378 Nonne
643 3312 741 3390 videa,
756 3311 833 3376 Albi
848 3317 886 3374 nt
900 3310 984 3374 male
997 3311 1084 3374 vivat
1097 3310 1182 3374 lilius
1196 3319 1293 3394 atque

510 3423 631 3487 Barrus
645 3422 760 3506 inops?
784 3441 940 3504 magnum
953 3419 1196 3499 documentum,
1210 3441 1253 3486 ne
1266 3420 1402 3506 patriam
1418 3443 1487 3486 rem

510 3533 647 3599 Perdere
662 3533 734 3615 quis
749 3532 834 3596 velit.
881 3533 913 3596 A
927 3531 1015 3614 turpi
1028 3531 1205 3596 meretricis
1218 3553 1327 3596 amore
1446 3537 1509 3598 lll

509 3646 594 3709 Cum
608 3644 803 3708 deterreret:
829 3642 958 3706 Sectani
974 3642 1136 3706 dissimilis
1150 3642 1203 3707 sis.

509 3756 563 3820 Ne
578 3775 727 3838 sequerer
741 3753 894 3832 moechas,
910 3772 1061 3816 concessa
1074 3773 1149 3816 oum
1163 3773 1278 3818 venere
1291 3753 1342 3817 uti

509 3869 661 3932 Possem:
685 3865 842 3951 Deprensi
857 3886 924 3928 non
938 3864 1023 3929 bella
1037 3871 1086 3928 est
1100 3864 1187 3928 fama
1200 3865 1350 3944 Treboni,

508 3979 639 4043 Aiebat.
684 3977 827 4062 Sapiens,
843 3977 946 4040 vitatu
962 3975 1102 4060 quidque
1116 3976 1223 4058 petitu
1446 3981 1511 4042 115

509 4089 560 4152 Sit
574 4088 700 4166 melius,
716 4109 827 4152 causas
841 4086 953 4150 reddet
966 4085 1027 4149 tibi
1035 4111 1046 4165 ς
1068 4086 1115 4148 mi
1129 4085 1208 4152 satis
1221 4093 1281 4164 est,
1296 4087 1324 4152 si

297 4233 341 4276 ιη.
352 4225 376 4267 c.
386 4225 405 4266 a
416 4224 447 4266 ιι.
458 4224 489 4266 ia.
509 4203 677 4269 Traditum
692 4202 732 4267 ab
748 4201 889 4284 antiquis
903 4221 1026 4264 morem
1040 4220 1165 4265 servare
1179 4206 1344 4284 tuamque,

509 4315 597 4378 Dum
613 4311 753 4378 custodis
768 4331 852 4394 eges,
868 4311 968 4374 vitam
981 4311 1165 4394 famamque
1177 4311 1263 4376 tueri

298 4463 341 4503 uo.
352 4451 373 4494 s.
384 4453 402 4494 1.
412 4455 431 4494 s.
441 4453 473 4494 aa
509 4425 709 4489 Incolumem
725 4441 876 4505 possum3
898 4419 994 4483 simul
1008 4440 1046 4482 uo
1059 4419 1222 4484 duraverit
1235 4427 1314 4486 etas

509 4533 659 4598 Membra
674 4531 880 4613 animumque
895 4537 998 4607 tuum,
1015 4529 1108 4608 nabis
1123 4530 1192 4594 sine
1206 4531 1335 4596 cortice.
1382 4533 1436 4597 Sic
1446 4555 1503 4601 me

650 4706 691 4756 87.
709 4708 784 4766 imus,
800 4702 1006 4768 (‹·p.n.1‘.ae)‚·
1024 4710 1094 4752 avet.
1161 4702 1203 4754 97.
1221 4705 1359 4766 ipuamst.
