3450 5667
355 707 411 764 140
742 773 746 782 ,
773 705 806 780 Q.
835 707 991 764 Eoum
1018 706 1162 765 raAccl

567 866 692 946 Evenit,
707 867 872 951 inquirant
886 869 965 933 vitia
977 877 1017 932 ut
1030 877 1089 934 tua
1103 891 1213 932 rursus
1226 877 1260 932 et
1273 869 1332 933 illi.

356 989 399 1030 η
409 983 435 1026 ¹
445 985 464 1026 ¹·
474 987 506 1026 ¹⁰·
515 985 548 1028 Ἀ
567 975 756 1042 Iracundior
769 986 818 1042 eat
833 978 939 1062 paulo,
954 980 1063 1042 minus
1076 985 1170 1063 aptus
1184 979 1287 1042 muns

354 1099 423 1156 Μ·
435 1098 453 1140 ¹·
463 1099 524 1142 Μ
567 1088 709 1154 Naribus
722 1090 838 1154 borum
853 1089 1022 1153 bominum
1032 1115 1043 1166 3
1065 1089 1162 1153 rideri
1176 1089 1275 1172 possit
1289 1109 1329 1152 eo
1351 1087 1436 1170 quod
1508 1089 1540 1149 30

568 1199 733 1264 Rusticius
745 1207 840 1264 tonso
854 1207 931 1282 toga
944 1198 1058 1263 defluit
1071 1207 1105 1262 et
1119 1199 1203 1262 male
1215 1197 1308 1260 larus

569 1309 611 1372 In
625 1309 704 1392 pede
718 1309 842 1373 calceus
855 1307 979 1373 haeret:
1002 1315 1036 1372 at
1050 1317 1101 1372 est
1114 1308 1229 1383 bouum
1243 1315 1282 1370 ut
1296 1307 1410 1370 melior
1421 1307 1465 1369 vir

355 1429 388 1469 ³³·
399 1415 423 1456 ⁰·
433 1415 452 1456 ²
464 1415 495 1458 ¹²
504 1415 525 1458 ⁰·
569 1417 647 1481 Non
661 1417 742 1480 alius
757 1417 939 1500 quisquam,
956 1424 990 1478 at
1003 1416 1065 1480 tibi
1078 1416 1212 1494 amicus,
1228 1423 1262 1478 at
1276 1416 1440 1499 ingenium
1449 1415 1542 1494 ingens

567 1531 697 1594 Inculto
710 1530 791 1594 latet
804 1530 867 1594 boc
881 1529 942 1592 sub
956 1549 1118 1612 corpore..
1143 1529 1293 1612 Denique
1306 1537 1342 1592 te
1355 1529 1454 1611 ipsum

567 1641 723 1718 Concute,
738 1659 818 1706 uum
834 1659 898 1722 qua
911 1637 972 1703 tibi
985 1638 1138 1702 vitiorum
1151 1638 1302 1703 inseverit
1316 1640 1395 1702 olim
1507 1636 1540 1696 35
1576 1646 1578 1650 ’

567 1749 697 1812 Natura
711 1756 767 1812 aut
782 1747 879 1812 etiam
894 1746 1093 1812 consuetudo
1105 1747 1192 1810 mala
1200 1774 1211 1825 3
1233 1769 1374 1831 namque

568 1857 734 1941 Neglectis
748 1855 871 1920 urenda
884 1855 952 1918 filix
965 1855 1144 1918 innascitur
1158 1855 1255 1937 agris.

569 1966 653 2030 Illuc
666 1971 903 2050 praevertemur,
919 1971 1095 2028 amatorem
1109 1965 1196 2047 quod
1211 1965 1323 2028 amicae

568 2073 687 2158 Turpia
700 2073 865 2158 decipiunt
879 2093 1000 2137 caecum
1013 2073 1101 2150 vitia,
1117 2081 1175 2137 aut
1188 2075 1289 2137 etiam
1302 2075 1374 2157 ipsa
1385 2073 1451 2137 hac

569 2183 751 2262 Delectant,
766 2183 866 2247 veluti
881 2181 1055 2246 Balbinum
1069 2182 1205 2267 polypus
1220 2183 1361 2267 Hagnae.
1509 2179 1543 2239 lo

568 2293 696 2358 Vellem
709 2293 745 2356 in
759 2292 903 2356 amicitia
915 2291 961 2356 sic
975 2313 1153 2356 erraremus
1167 2300 1201 2355 et
1214 2293 1271 2356 isti

569 2403 681 2469 Erroai
693 2423 813 2466 nomeu
826 2402 927 2466 virtus
941 2402 1098 2486 posuisset
1111 2401 1296 2468 honestum.

569 2517 617 2579 At
631 2519 721 2596 pater
734 2519 772 2576 ut
787 2510 888 2596 gnati,
904 2512 949 2575 sic
963 2533 1023 2576 nos
1037 2512 1188 2577 debemus
1202 2514 1299 2576 amici

571 2621 608 2686 Si
623 2622 708 2706 quod
723 2622 765 2686 sit
778 2623 896 2686 vitium
909 2643 975 2686 uon
989 2621 1152 2686 fastidire:
1175 2622 1361 2686 strabonem

569 2734 720 2818 Appellat
733 2741 854 2818 petum
869 2740 969 2817 pater,
986 2741 1019 2796 et
1033 2733 1167 2816 pullum,
1184 2732 1268 2796 male
1281 2754 1398 2816 parvus
1511 2731 1544 2790 45

570 2843 607 2908 Si
621 2843 673 2907 cui
687 2843 771 2907 filius
785 2849 844 2922 ost,
860 2851 899 2907 ut
913 2842 1073 2906 abortivus
1086 2842 1151 2906 luit
1164 2842 1243 2906 olim

571 2953 743 3037 Sisyphus:
767 2953 854 3017 hunc
868 2973 980 3016 varum
994 2951 1138 3016 distortis
1151 2952 1308 3031 cruribus,
1322 2953 1415 3017 illum

570 3061 718 3126 Balbutit
732 3083 880 3126 scaurum
895 3061 999 3145 pravis
1013 3061 1133 3124 fiilmm
1146 3061 1230 3125 male
1244 3062 1330 3126 talis.

358 3183 403 3228 m
414 3179 435 3222 Β·
444 3181 464 3222 ¹·
474 3179 493 3222 ⁸·
502 3178 536 3221 ⁸1·
569 3171 702 3236 Parcius
716 3170 769 3234 bic
782 3171 881 3235 vivit:
904 3171 990 3253 frugi
1004 3169 1139 3234 dicotur.
1184 3173 1321 3254 Ineptus

569 3281 614 3345 Et
624 3281 800 3364 jactantior
813 3279 867 3343 hic
880 3279 976 3363 paulo
990 3287 1057 3344 est:
1081 3279 1258 3343 concinnus
1273 3281 1385 3344 amicis
1515 3279 1550 3338 50

570 3390 718 3454 Postulat
731 3396 770 3454 ut
784 3389 939 3453 videatur.
985 3390 1032 3454 At
1045 3397 1095 3452 est
1109 3390 1323 3452 truculentior
1337 3396 1436 3475 atque

359 3501 396 3542 ¹¹⁶·
407 3501 428 3542 ⁸·
439 3501 457 3540 ¹·
467 3501 486 3541 ⁴
497 3501 530 3548 ⁹⁰·
570 3499 648 3563 Plus
663 3520 754 3581 aequo
769 3497 871 3562 liber:
894 3498 1028 3582 simplex
1042 3497 1197 3581 fortisque
1211 3498 1380 3563 habeatur.

442 3551 487 3600 1⁰³.
497 3551 541 3593 m
570 3607 698 3674 Caldior
712 3615 782 3672 est:
806 3629 894 3672 acres
907 3608 993 3671 inter
1005 3615 1202 3673 numeretm.
1247 3608 1383 3692 Opinor,

356 3752 398 3784 m.
410 3741 430 3783 s.
441 3741 459 3782 1.
469 3740 488 3783 1.
498 3742 531 3785 se.
571 3719 652 3784 Haec
667 3738 717 3781 res
731 3723 764 3780 et
776 3716 898 3798 jungit,
909 3716 1040 3799 junctos
1054 3724 1087 3779 et
1101 3725 1206 3780 servat
1219 3717 1348 3780 amicos.

569 3831 615 3894 At
630 3847 689 3891 noa
703 3827 837 3890 virtutes
851 3827 936 3909 ipsas
949 3826 1137 3889 invertimus
1151 3833 1248 3908 atque
1520 3828 1552 3885 55

359 3949 389 3999 3⁶·
401 3947 425 3989 0·
437 3948 455 3990 1·
464 3949 483 3990 ²·
494 3949 525 3991 ὅ*
570 3940 737 4003 Sincerum
752 3937 900 4019 cupimus
914 3956 968 3999 vas
981 3937 1168 3999 incrustare.
1215 3935 1341 3999 Probus
1356 3939 1431 4020 quis

568 4048 747 4114 Nobiscum
762 4045 849 4123 vivit,
866 4045 1005 4109 multum
1020 4043 1176 4108 demissus
1190 4044 1308 4109 bomo:
1331 4047 1379 4108 illi

569 4157 674 4223 'lardo
687 4175 876 4238 cognomen,
892 4153 1005 4238 pingui
1019 4153 1141 4217 damus.
1188 4154 1254 4217 Hic
1268 4155 1354 4238 fugit
1368 4176 1483 4220 omnes

569 4267 706 4332 Insidias
719 4265 864 4347 nullique
877 4265 962 4327 mmo
976 4264 1061 4327 latus
1075 4264 1164 4328 obdit
1179 4273 1337 4347 apertum,

569 4380 653 4443 Cum
668 4397 768 4460 genus
782 4374 844 4438 boc
859 4373 945 4437 inter
958 4373 1033 4436 vitae
1048 4381 1200 4451 versetur,
1216 4373 1273 4437 ubi
1288 4375 1370 4437 acris
1521 4375 1557 4436 60

569 4487 697 4552 Invidia
711 4494 805 4569 atque
820 4482 928 4565 vigent
943 4482 997 4545 ubi
1014 4483 1165 4546 crimina:
1189 4504 1247 4566 pro
1260 4483 1343 4548 bene
1357 4507 1439 4550 auno

831 4667 872 4717 50.
890 4666 1023 4729 lpaulost.
1101 4667 1144 4719 60.
1161 4682 1299 4719 versemur.
