3450 5667
391 738 445 793 itt

804 730 839 805 Q.
862 730 1021 790 HORATI
1037 731 1182 790 rLAt’oI

384 928 440 981 a„
449 926 475 969 c.
484 930 504 969 a.
515 926 586 969 rao.
641 900 774 965 AEmula
786 921 847 964 nee
860 900 963 963 virtus
977 900 1108 983 Capuae,
1123 920 1183 963 nee
1199 900 1356 983 Spartacus
1369 912 1435 969 seer,
1506 891 1517 947 5

387 1139 544 1189 netem

386 1252 543 1295 s.c.1.l.sa

386 1380 406 1419 p.
416 1366 441 1409 0.
452 1369 472 1407 1.
480 1366 514 1409 86.
523 1366 556 1407 Μ

387 1884 565 1935 amna

387 1935 431 1975 ru.
441 1935 465 1975 c.
476 1934 495 1975 1.
504 1934 536 1974 rs.
545 1933 578 1975 n.

684 1010 849 1093 Novisque
864 1010 959 1073 rebus
976 1008 1112 1073 infidelis
1126 1008 1285 1085 Allobrox,

641 1120 714 1185 Nau
727 1118 796 1185 fera
810 1118 946 1183 eterulea
959 1117 1085 1182 domuit
1101 1118 1272 1183 Germania
1285 1114 1368 1199 pube,

684 1228 940 1311 Parentibusque
955 1227 1159 1293 abominatum
1175 1226 1359 1302 Hannibal,'

642 1340 749 1423 Impia
762 1340 932 1425 perrlcmus
947 1339 1052 1403 devoti
1067 1339 1233 1422 sanguinis
1247 1346 1337 1413 aetas5

685 1448 837 1531 Ferisque
851 1470 962 1512 rursus
976 1447 1186 1531 occupabitur
1200 1448 1311 1511 solnm.
1499 1432 1524 1491 ¹⁰

643 1558 814 1637 Barbarus,
829 1557 916 1622 beu!
941 1558 1061 1621 cineres
1075 1556 1202 1621 insistet
1217 1557 1324 1633 vietor,
1337 1562 1366 1616 et
1379 1547 1474 1614 Urbem

685 1666 793 1749 Eques
806 1674 943 1729 sonante
957 1664 1137 1729 verberabit
1151 1666 1275 1749 ungula
1282 1692 1292 1743 3

643 1776 789 1856 Quaeque
803 1783 914 1839 carent
927 1774 1030 1839 ventis
1044 1782 1077 1837 et
1092 1774 1215 1839 solibus
1229 1796 1299 1839 ossa
1314 1770 1430 1844 unm,

686 1884 787 1949 Nefas
801 1884 908 1948 videre
922 1886 930 1947 l
955 1884 1120 1967 dissipabit
1135 1885 1284 1949 insolens.

644 1996 740 2060 Forte
754 1994 832 2077 quid
846 1992 992 2077 expediat
1007 1994 1222 2059 communiter
1235 2004 1291 2059 aut
1305 1992 1402 2059 melior
1413 2004 1468 2071 pus
1503 1978 1528 2038 15

687 2104 786 2168 Malis
800 2126 909 2169 carere
923 2106 1066 2187 queritis
1079 2106 1261 2185 laboribus;

642 2212 746 2277 Nulla
759 2212 802 2276 sit
816 2212 878 2275 hae
891 2214 997 2297 potior
1011 2215 1190 2279 sententia:
1214 2217 1409 2281 Phoeaeornm

684 2322 786 2385 Velut
800 2320 944 2405 profugit
958 2330 1120 2387 exsecrata
1134 2325 1248 2388 civitas

643 2434 749 2517 Agros
763 2440 860 2516 atque
875 2434 974 2499 Lares
988 2436 1118 2519 patrios,
1134 2436 1364 2521 habitandaque
1377 2435 1438 2499 lana

688 2543 785 2626 Apris
799 2544 931 2625 reliquit
945 2550 978 2607 et
992 2546 1158 2628 rapacibus
1172 2546 1274 2630 lupis:
1508 2530 1535 2593 2⁰

643 2653 708 2731 Ire,
723 2652 819 2736 pedes
832 2674 1035 2737 quocumque
1049 2656 1164 2735 ferent,
1180 2679 1378 2742 quocumque
1390 2674 1436 2740 per
1447 2645 1519 2713 undas
1560 2645 1561 2731 i

686 2768 795 2831 Notus
809 2769 946 2847 vocabit,
962 2778 1018 2833 aut
1032 2778 1197 2854 protervus
1212 2774 1348 2837 Africus.
1560 2732 1561 2788 i

645 2878 701 2943 Sio
714 2879 846 2962 placet?
869 2900 909 2941 an
925 2878 1039 2943 melius
1054 2880 1126 2964 quis
1141 2882 1238 2947 habet
1253 2883 1402 2949 suadere?
1423 2867 1524 2941 metult

423 3018 428 3029 ·
458 3018 462 3026 ·
477 3068 481 3075 ,
514 3018 525 3078 '.
547 3067 553 3077 .
688 2990 805 3053 Ratem
819 3008 974 3073 occupare
989 2988 1067 3071 quid
1083 3010 1245 3054 moramur
1259 2992 1355 3057 alite?

520 3141 525 3150 ·
646 3097 710 3163 Sed
721 3098 868 3180 juremus
883 3098 918 3161 in
932 3097 1001 3162 brec
1012 3099 1173 3163 :-Simnl
1187 3100 1261 3163 imis
1276 3122 1352 3165 saxa
1365 3092 1483 3164 renarint
1513 3082 1539 3143 25

688 3206 790 3271 Vadis
803 3206 919 3284 levate,
935 3226 976 3270 ne
989 3206 1093 3271 redire
1109 3208 1150 3271 sit
1166 3208 1277 3288 nefas5

646 3318 722 3383 Neu
736 3336 888 3380 conversa
902 3314 1031 3379 domum
1047 3316 1154 3400 pigeat
1169 3316 1244 3382 dare
1259 3318 1366 3397 lintea,
1381 3310 1486 3402 quando

550 3483 584 3493 ..
688 3422 796 3487 Padus
810 3423 939 3487 Matina
951 3423 1064 3488 laverit
1079 3426 1266 3505 cacumina;
1383 3506 1385 3511 Ι

505 3533 539 3544 ”
575 3532 581 3545 ’
646 3532 688 3597 In
704 3552 793 3596 mare
807 3552 865 3595 seu
879 3532 982 3595 celsum
996 3535 1188 3616 procurrerit
1203 3536 1419 3619 Appenninus,

689 3637 847 3721 Notaque
861 3647 1006 3703 monstra
1015 3642 1168 3725 junxerat
1183 3644 1315 3710 libidine
1521 3626 1548 3688 3⁰

533 3798 539 3811 .
646 3746 754 3811 Mirus
769 3768 868 3827 amor,
881 3750 972 3833 juvet
987 3757 1024 3812 ut
1038 3751 1137 3833 tigres
1151 3752 1314 3819 subsidere
1329 3756 1434 3831 cervis,

690 3856 902 3921 Adulteratur
916 3866 948 3921 et
964 3858 1112 3923 columba
1125 3861 1226 3926 miluo
1237 3889 1247 3941 3

390 3988 432 4020 m
539 4006 544 4017 ·
567 4005 573 4017 ·
647 3967 785 4033 Credula
798 3988 858 4031 nee
872 3988 964 4031 ravos
978 3968 1113 4033 timeant
1128 3980 1273 4035 armenta
1287 3973 1413 4051 leones;

690 4079 851 4160 Ametque
866 4077 949 4141 salsa
962 4078 1040 4141 levis
1055 4078 1164 4143 hircus
1179 4102 1361 4164 aequora.-

648 4189 741 4265 Haec,
757 4192 790 4249 et
806 4206 878 4268 quse
891 4193 1043 4269 potenmt
1057 4188 1180 4253 reditus
1195 4190 1378 4257 abscindere
1393 4192 1495 4263 dulces,
1528 4176 1555 4239 3⁵

690 4298 811 4361 Eamus
826 4298 931 4361 omnis
946 4307 1107 4363 exsecrata
1121 4302 1242 4381 civitas,

647 4409 717 4473 Aut
730 4429 802 4492 pars
817 4406 947 4473 indocili
961 4408 1074 4472 melior
1088 4430 1183 4493 grege
1196 4438 1205 4490 ;
1229 4412 1333 4477 mollis
1348 4422 1382 4478 et
1402 4430 1497 4496 exspes

691 4516 876 4581 Inominata
890 4517 1062 4601 perprimat
1077 4518 1204 4584 cubilia.

838 4692 879 4739 19.
897 4692 1023 4755 proprios.
1092 4696 1133 4745 38.
1152 4696 1355 4757 flavos51aevos.
