3450 5667
589 760 670 818 Anu
694 759 878 818 POETIOA.

157 925 201 986 tto
220 923 339 986 Verum
351 921 437 1006 operi
449 922 549 1006 longo
562 922 611 986 fes
626 930 676 986 est
689 923 843 1008 obrepere
856 943 1017 988 somnum.

222 1035 267 1096 Ut
280 1033 409 1115 pictura,
423 1033 548 1116 poesis:
572 1031 643 1110 erit,
659 1053 744 1115 quae,
759 1033 787 1096 si
801 1033 931 1117 propius
946 1039 1020 1110 stes,

221 1145 263 1207 Te
276 1144 377 1227 cupiet
389 1144 501 1226 magis,
517 1151 551 1207 et
566 1142 725 1226 quedem,
740 1143 769 1206 si
782 1143 910 1226 longius
924 1143 1041 1207 ubstes.

222 1254 299 1316 Iiaec
313 1262 395 1316 emet
408 1253 592 1330 obscurum,
606 1251 693 1316 volet
707 1251 777 1316 haee
791 1253 852 1316 sub
866 1253 938 1316 luce
951 1253 1063 1332 videri,

223 1365 242 1426 J
244 1364 340 1427 udicis
353 1372 502 1448 argutum
517 1385 589 1446 quae
603 1385 671 1427 uon
683 1362 837 1427 formidet
851 1385 1007 1443 acumem

157 1475 202 1534 565
223 1473 300 1536 Haeu
313 1473 430 1556 placuit
444 1473 554 1550 semel,
569 1472 640 1537 hoee
654 1472 762 1536 decies
773 1473 910 1558 repetite
924 1473 1073 1558 plaeebit.

223 1585 249 1647 0
263 1584 362 1666 major
370 1585 538 1668 juvenum,
553 1583 698 1667 quemvis
712 1591 746 1646 et
759 1603 837 1647 voee
850 1592 985 1668 paterne

223 1695 359 1778 Fingeris
372 1694 414 1758 ed
427 1703 553 1758 rectum
567 1702 601 1758 et
614 1714 671 1777 per
684 1701 718 1757 te
732 1693 828 1776 sepis,
843 1693 905 1758 hoc
916 1694 976 1758 tibi
990 1694 1114 1758 dietum

223 1806 307 1869 Tolle
321 1825 452 1883 memor,
468 1803 564 1869 eertis
578 1803 721 1868 medium
735 1811 769 1868 et
782 1803 948 1868 tolerabile
961 1804 1058 1870 rebus

224 1917 319 1980 Recte
332 1916 472 1982 euueedi
518 1915 694 1980 Consultus
703 1915 788 2000 juris
802 1922 836 1978 et
850 1923 941 1980 uetur

157 2026 206 2086 370
225 2026 392 2090 Causarum
405 2025 575 2090 mediocris
589 2025 679 2088 abest
692 2026 812 2088 virtute
826 2023 938 2088 diserti

224 2137 373 2200 Messallae
387 2157 449 2200 nee
462 2137 525 2201 seit
540 2143 699 2222 quantum
714 2135 887 2201 Cascellius
900 2133 1015 2211 Aulus,
1142 2157 1199 2199 rra.
1209 2155 1231 2196 s.
1242 2155 1261 2197 ι.
1270 2155 1289 2195 e.
1299 2155 1332 2197 su

225 2243 284 2306 Sed
297 2254 402 2311 tamen
416 2246 454 2308 in
465 2245 570 2330 pretio
583 2253 652 2308 est:
675 2242 889 2308 mediocribus
903 2262 971 2308 esse
986 2242 1088 2326 poetis

224 2355 296 2417 Nou
307 2355 464 2434 homiues,
479 2376 546 2419 non
560 2355 603 2433 di,
618 2375 687 2420 nun
700 2374 883 2418 eoneessere
897 2353 1065 2418 eolumnae.

226 2465 269 2528 Ut
283 2474 387 2548 gretes
400 2466 487 2529 inter
500 2485 627 2529 mensus
641 2464 832 2550 symphonia
845 2463 966 2528 disems

157 2574 205 2636 375
226 2577 265 2638 Et
279 2596 417 2642 cressum
431 2583 634 2660 unguentum
648 2583 683 2640 et
695 2575 796 2640 Sardo
807 2597 882 2640 curu
891 2575 985 2640 melle
993 2595 1130 2660 papaver

225 2686 406 2766 Offendunt,
420 2693 546 2770 poteret
559 2686 633 2750 duci
649 2686 724 2769 quia
738 2706 818 2751 eene
831 2686 901 2750 sine
915 2685 1005 2750 istis:

227 2796 275 2859 Sic
288 2798 401 2862 animis
414 2805 529 2860 netum
543 2797 773 2879 inventumque
787 2801 902 2882 poema
911 2797 1071 2882 juvandis,

226 2906 258 2969 Si
271 2908 399 2990 paulum
413 2928 540 2972 summo
554 2907 700 2986 decessit,
714 2908 818 2992 vergit
832 2907 874 2970 sd
887 2907 1000 2972 imum.

226 3017 345 3081 Ludere
360 3018 416 3101 qui
429 3017 544 3096 nescit,
558 3018 790 3102 campestribus
804 3017 945 3082 abstinet
958 3017 1065 3098 armis,
1143 3057 1188 3100 stt·
1199 3049 1224 3090 Ε,
1233 3049 1254 3091 2.
1263 3049 1282 3090 ι,
1298 3049 1342 3090 ιιι

157 3127 208 3188 380
227 3129 438 3214 Indoctusque
452 3130 525 3214 pilae
539 3130 657 3194 discive
671 3130 815 3195 trochive
828 3113 975 3215 quiescit,
1141 3149 1183 3240 pq.
1194 3150 1214 3239 q.
1225 3151 1244 3240 2³.
1254 3149 1334 3238 {1⁰52

225 3239 274 3303 Ne
285 3241 393 3326 spissus
406 3241 508 3305 risum
521 3241 638 3305 tollant
651 3241 782 3326 impune
796 3262 943 3306 eoronae:
1145 3285 1189 3315 m,
1200 3275 1225 3316 Ε,
1235 3275 1254 3314 1,
1265 3275 1295 3314 ιε,
1305 3276 1337 3316 5³,

226 3351 286 3418 Qui
300 3353 403 3416 nescit
416 3373 525 3416 versus
538 3359 649 3416 temen
663 3351 761 3418 nudet
774 3353 906 3436 fingere.
953 3353 1099 3419 Quidni?

224 3461 317 3526 hiber
330 3470 365 3526 et
378 3461 549 3546 ingenuus,
564 3462 741 3547 presertim
755 3483 869 3528 census
884 3472 1065 3547 equestrem
1145 3499 1193 3542 equ.
1203 3488 1230 3530 u.
1240 3489 1257 3530 ι.
1269 3491 1287 3530 ι,
1297 3492 1329 3531 ss.

226 3573 390 3637 Summam
402 3594 610 3637 nummorum
624 3573 764 3658 vitioque
777 3581 921 3639 remotus
935 3575 975 3638 sb
989 3576 1088 3640 omui.

158 3681 209 3742 385
229 3684 371 3748 uunihil
384 3685 485 3748 invite
498 3683 584 3749 dices
597 3684 732 3748 faciesve
746 3685 896 3749 Minerva
904 3711 915 3765 5
1146 3717 1323 3760 usqam

228 3793 265 3857 Id
277 3796 338 3859 tibi
350 3795 550 3878 judiciumst,
565 3816 604 3859 ee
617 3815 718 3858 mens.
765 3795 801 3858 Si
816 3795 894 3878 quid
903 3803 1013 3862 tamen
1022 3797 1101 3863 olim

227 3905 403 3990 Scripseris,
418 3905 455 3968 in
469 3903 883 3987 Meeeidespendatjudieis
899 3907 983 3970 suris
1146 3944 1345 3986 mmm·

225 4014 265 4076 Et
277 4014 380 4098 patris
394 4023 428 4078 et
442 4027 578 4092 nostres,
589 4035 775 4096 nonumque
783 3995 946 4099 premetur
955 4016 992 4080 in
1002 4039 1134 4097 annum,

226 4124 423 4190 Membranis
437 4126 527 4189 intus
540 4125 670 4208 positis:
694 4125 800 4190 delere
814 4127 935 4206 licebit,
1149 4169 1330 4212 mmm

158 4229 209 4293 390
228 4235 319 4301 Quod
332 4258 402 4300 non
415 4235 551 4300 edideris
559 4263 571 4314 3
593 4236 696 4300 nescit
709 4256 770 4300 uox
784 4236 882 4301 misse
895 4238 1022 4304 reverti.
1149 4285 1194 4325 ,μ
1206 4271 1231 4312 Ε,
1242 4272 1260 4313 ι,
1269 4273 1298 4310 is.
1309 4271 1346 4322 ⁷¹3

227 4345 551 4411 Silvestreshomines
566 4367 656 4410 secer
669 4346 889 4430 interpresque
904 4348 1037 4413 deorum
1269 4323 1330 4364 Μ’

227 4457 373 4532 Credibus
386 4466 420 4522 et
433 4456 522 4521 victu
536 4456 622 4522 foedo
635 4457 791 4522 deterruit
806 4458 965 4543 Orpheus,

227 4567 341 4633 Dictus
356 4568 398 4633 eb
411 4568 476 4633 hoc
490 4567 592 4633 lenire
606 4569 705 4652 tigres
720 4569 910 4654 rabidosque
924 4571 1031 4636 leones
1042 4597 1052 4651 ;

160 4697 204 4748 iii.
218 4703 322 4755 deciens.
391 4704 449 4754 ³72.
469 4703 611 4821 ipretiqssti
678 4704 734 4754 886.
747 4706 876 4768 judicium
888 4710 937 4767 est,
952 4705 1036 4768 (Pras.
1045 4724 1073 4770 p.
1085 4706 1121 4774 x.)

613 4807 619 4820 .
637 4786 721 4820 eures.
