3450 5667
502 671 726 730 cARMINUM
760 673 839 731 LIB.
861 675 905 732 II.
928 675 989 732 xiii.

284 841 449 908 Ludeutem
462 841 573 908 nitidis
585 843 772 926 virginibus,
784 865 876 910 sauro

157 1041 164 1052 Ι
184 953 216 1013 20
439 953 552 1018 Dianae
567 953 699 1018 celebris
714 954 776 1018 die.

284 1087 365 1152 Num
378 1096 422 1168 tu,
438 1110 507 1172 quoe
521 1089 628 1152 tenuit
642 1088 730 1152 dives
745 1086 968 1168 Achaemenes,

284 1199 344 1260 Aut
356 1199 475 1282 pinguis
489 1199 640 1284 Phrygiae
654 1197 850 1283 Mygdonias
864 1220 939 1284 opes

287 1309 456 1374 Permutare
470 1309 547 1374 velis
561 1310 649 1374 crine
664 1309 854 1394 Licymniae,

440 1423 556 1488 Plenas
571 1430 628 1486 ant
642 1423 788 1487 Arabum
803 1423 941 1488 domos?

190 1556 218 1614 25
286 1555 361 1620 Dum
374 1557 538 1641 flagrantia
552 1555 722 1642 detorquet
737 1557 778 1622 ad
792 1560 901 1624 oscula

287 1665 440 1746 cervicem,
457 1675 513 1731 aut
527 1667 615 1732 facili
630 1669 753 1732 saevitia
766 1677 874 1753 negat,

287 1777 356 1843 Qua
368 1787 513 1863 puseeute
528 1779 631 1862 magis
646 1779 784 1864 gaudeat
798 1782 888 1867 eripi,

439 1889 611 1954 Interdum
626 1911 736 1975 rapere
751 1902 895 1977 occupet.

586 2226 688 2290 XIII.

252 2415 256 2422 .
288 2361 357 2424 Ima
372 2370 403 2425 et
416 2361 541 2426 nefasto
555 2369 589 2426 te
602 2361 710 2446 posuit
725 2361 787 2440 die,

289 2471 476 2558 (laricemque
490 2473 641 2558 primum,
657 2481 691 2538 et
705 2474 860 2558 sacrilega
873 2496 974 2542 mauu

324 2584 480 2664 Pmduxit,
495 2585 600 2664 arbos,
615 2585 650 2648 in
664 2593 820 2670 nepotum

363 2696 535 2761 Perniciem
551 2693 820 2782 opprobriumque
833 2697 920 2782 pagi.

289 2827 376 2892 Illum
389 2837 421 2895 et
435 2829 577 2915 parentis
592 2829 780 2894 crediderim
795 2831 846 2894 sui

289 2937 418 3024 Fregisse
432 2940 597 3019 cervicem,
613 2948 647 3005 et
661 2941 838 3024 penetralia
879 3003 884 3010 ,

324 3052 472 3136 sparsisse
486 3059 645 3116 nocturno
660 3071 773 3114 eruore

363 3164 524 3248 Hospitis3
547 3163 601 3228 ille
615 3183 738 3227 venena
753 3161 884 3239 Colcha,

287 3295 325 3360 Et
339 3298 487 3382 quidquid
500 3320 637 3382 usquam
653 3298 832 3383 coneipitur
845 3297 945 3374 nefas,

287 3405 445 3487 luctavit,
461 3430 538 3491 agro
554 3409 609 3492 qui
623 3409 738 3472 statuit
753 3429 826 3472 meo

322 3519 363 3582 Te
377 3520 466 3584 triste
480 3519 616 3602 lignum,
633 3527 665 3583 te
680 3519 839 3583 oaducum

362 3630 403 3694 In
417 3629 539 3694 domini
554 3638 651 3713 caput
672 3628 882 3692 immerentis.

286 3761 366 3828 Quid
380 3765 512 3848 quisque
526 3763 616 3844 vitet,
632 3785 810 3849 numquam
825 3763 949 3828 homini
963 3764 1041 3827 satis
1125 3845 1128 3851 Ι

286 3874 415 3939 Cautum
431 3876 528 3940 estin
544 3875 649 3939 horas.
694 3875 816 3940 Navita
830 3875 1012 3958 Bosporum

189 3975 217 4037 15
323 3987 436 4050 Poenus
451 3987 673 4072 perhorrescit,
688 4007 792 4069 neque
807 3987 893 4049 ultra

363 4100 454 4164 Caeca
468 4100 564 4164 timet
578 4099 706 4163 aliunde
720 4099 807 4163 fata:

284 4231 374 4298 Miles
388 4235 523 4318 sagittas
537 4241 570 4298 et
585 4233 720 4298 celerem
734 4232 845 4315 fugam

284 4345 399 4423 Parthi,
415 4354 545 4410 catenas
560 4344 702 4410 Parthus
716 4351 750 4409 et
764 4343 887 4407 Italum

323 4458 453 4538 Robur3
476 4457 533 4524 sed
546 4457 718 4541 improvisa
730 4455 789 4520 leti

186 4557 216 4620 ²0
362 4569 421 4632 Vis
434 4567 544 4653 rapuit
557 4567 722 4652 rapietque
737 4564 851 4650 gentis.

188 4715 220 4755 m.
233 4711 335 4766 tecum.
385 4717 425 4767 28.
443 4721 562 4780 ooouput.
629 4729 689 4766 1111.
703 4683 921 4764 restauramus.
987 4712 1029 4760 20.
1044 4712 1146 4772 gentos.
