3450 5667
303 767 360 821 164
555 763 558 778 '
720 761 754 836 Q.
776 760 936 821 HORATI
951 759 1097 821 amoc!

516 931 647 998 Quanto
660 931 779 996 rectius
793 931 855 996 boc
872 953 969 1015 qnam
983 932 1070 996 tristi
1084 931 1199 996 radere
1213 952 1306 996 versu

302 1069 334 1099 ιι.
345 1055 366 1098 ⁸·
377 1055 396 1096 ¹·
405 1057 425 1096 ⁸·
435 1055 466 1096 ¹1·
515 1042 729 1107 Pantolabum
743 1064 886 1106 scurram
899 1043 1207 1125 Nomentanumque
1220 1051 1379 1127 nepotem,

302 1173 343 1214 aa.
354 1171 379 1212 a.
389 1171 408 1212 ι.
419 1169 437 1212 1.
448 1169 492 1210 ιιι.
515 1153 599 1218 Cum
614 1151 675 1217 sibi
690 1153 823 1236 quisque
838 1153 943 1232 timet,
959 1173 1154 1236 quamquam
1168 1160 1218 1216 est
1226 1153 1376 1231 intactus,
1386 1161 1421 1216 et
1429 1153 1516 1216 odit.

516 1261 605 1329 Quid
619 1263 761 1328 faciam?
806 1263 911 1328 Saltat
925 1263 1093 1342 Milonius,
1109 1270 1147 1326 nt
1161 1262 1260 1327 semel
1273 1263 1339 1327 icto
1371 1303 1375 1310 -

515 1375 660 1440 Accessit
674 1375 778 1440 fervor
791 1375 889 1458 capiti
903 1394 1119 1457 numerusque
1132 1373 1291 1452 lucernis;
1469 1377 1515 1436 25
1627 1372 1628 1427 l

303 1522 335 1564 ‚a
345 1517 370 1560 e.
380 1519 398 1560 ι,
409 1517 439 1558 u.
449 1519 481 1558 aa.
516 1487 630 1551 Castor
644 1485 763 1568 gaudet
777 1485 877 1568 equis,
893 1505 953 1548 ovo
963 1492 1138 1568 prognatus
1152 1483 1266 1547 eodem

516 1597 639 1680 Pugnis
647 1622 658 1674 3
682 1601 760 1679 quot
775 1595 917 1679 capitum
930 1594 1053 1673 vivunt,
1068 1594 1207 1658 totidem
1222 1593 1403 1658 studiorum

517 1708 630 1772 Milia:
654 1729 706 1771 me
720 1705 853 1791 pedibus
867 1705 1006 1770 delectat
1020 1705 1166 1769 claudere
1180 1703 1279 1768 verba

517 1817 622 1883 Lucili
637 1817 713 1895 ritu,
729 1824 877 1880 nostrum
890 1815 1032 1880 melioris
1046 1823 1195 1898 utroque.

516 1929 578 1993 Ille
592 1927 680 1992 velut
693 1926 765 1990 fidis
781 1947 897 1990 arcana
908 1925 1071 1990 sodalibus
1085 1925 1164 1990 olim
1468 1920 1517 1987 30

516 2038 675 2103 credebat
689 2037 789 2115 libris,
805 2057 910 2120 neque
924 2036 952 2100 si
966 2036 1049 2100 male
1064 2042 1201 2100 cesserat
1216 2027 1369 2117 nmquam

516 2150 699 2214 Decurrens
714 2149 786 2227 alio,
803 2168 907 2231 neque
921 2147 949 2210 si
962 2147 1045 2211 bene
1053 2173 1063 2225 ς
1088 2168 1152 2230 quo
1166 2147 1215 2225 fit,
1229 2154 1269 2210 ut
1282 2145 1386 2209 omnis
1514 2215 1517 2218 ,

517 2259 637 2325 Votiva
650 2267 757 2345 pateat
771 2259 873 2324 veluti
886 2261 1047 2344 descripta
1060 2258 1181 2323 tabella

518 2372 597 2435 Vita
610 2371 703 2434 senis.
751 2373 875 2454 Sequor
888 2371 988 2450 hunc,
1004 2372 1155 2435 Lucanus
1170 2393 1212 2434 an
1225 2369 1352 2454 Apulus
1367 2390 1504 2450 anceps:

518 2481 605 2545 Nam
619 2481 805 2546 Venusinus
821 2488 891 2545 arat
905 2482 1004 2545 finem
1018 2480 1078 2545 sub
1093 2489 1267 2565 utrumque
1285 2479 1427 2556 colonus,
1471 2481 1515 2542 35

518 2592 638 2655 Missus
654 2591 695 2655 ad
709 2591 771 2656 hoc
786 2592 897 2678 pulsis,
913 2604 1005 2656 vetus
1016 2600 1065 2656 est
1080 2600 1117 2654 ut
1131 2592 1228 2669 fama,
1246 2589 1393 2668 Sabellis,

520 2704 594 2769 Quo
609 2723 650 2766 ne
664 2723 871 2787 pervacuum
887 2703 1034 2766 Romano
1047 2703 1225 2766 incurreret
1239 2701 1349 2778 hostis,

521 2814 594 2878 Sive
610 2812 695 2895 quod
709 2811 816 2897 Apula
831 2835 910 2896 gens
924 2835 981 2876 seu
996 2812 1082 2896 quod
1096 2812 1240 2877 Lucania
1254 2811 1376 2875 bellum

306 2953 342 2994 aa.
355 2951 375 2993 s.
386 2951 404 2992 ι.
415 2951 445 2992 ιο,
456 2951 487 2990 va.
519 2923 684 2987 Inouteret
699 2921 848 2986 violenta.
896 2923 960 2986 Sed
975 2922 1027 2987 hic
1041 2923 1134 2986 stilus
1148 2921 1237 2985 haud
1252 2929 1341 3004 petet
1354 2920 1440 2982 ultro

520 3035 724 3116 Quemquam
739 3033 938 3096 animantem
952 3041 985 3096 et
1000 3054 1052 3096 me
1066 3032 1165 3096 veluti
1180 3025 1339 3096 custodiet
1353 3031 1438 3096 ensis
1473 3033 1517 3094 40

518 3144 647 3228 Vagina
662 3151 765 3208 tectus
778 3168 788 3222 3
810 3165 906 3226 quem
921 3165 979 3207 cur
993 3143 1190 3227 destringere
1205 3164 1303 3207 coner

519 3255 622 3319 'l'utus
638 3254 677 3319 ab
692 3254 816 3318 infestis
831 3254 1033 3318 latronibus?
1080 3255 1109 3319 0
1125 3263 1217 3339 pater
1230 3261 1265 3318 et
1278 3275 1334 3317 rex

520 3365 680 3448 luppiter,
695 3372 734 3428 ut
748 3373 857 3448 pereat
871 3365 1012 3448 positum
1026 3364 1174 3448 rubigine
1189 3363 1291 3427 telum

518 3474 592 3539 Nec
607 3475 773 3558 quisquam
790 3483 903 3539 noceat
918 3475 1033 3558 cupido
1047 3475 1127 3538 mihi
1141 3474 1228 3559 pacis
1241 3475 1249 3537 l
1275 3473 1387 3550 atille,

521 3585 588 3651 Qui
603 3607 654 3648 me
670 3585 1011 3665 commorit—melius
1025 3607 1091 3648 non
1106 3591 1247 3668 tangere,
1263 3585 1410 3649 clamo-
1475 3588 1517 3648 45

520 3696 626 3762 Flebit
641 3705 674 3761 et
688 3697 823 3781 insignis
839 3705 908 3761 tota
923 3698 1106 3761 cantabitur
1119 3697 1210 3782 urbe.

521 3807 653 3872 Cervius
664 3807 764 3871 iratus
779 3807 867 3890 leges
881 3807 1053 3872 minitatur
1067 3815 1100 3870 et
1114 3827 1243 3885 urnam,

521 3917 656 3982 Canidia
669 3917 785 3983 Albuti
800 3917 918 4001 quibus
932 3925 982 3981 est
996 3917 1126 3981 inimica
1139 3939 1310 3996 venenum,

522 4028 652 4094 Grande
667 4030 788 4093 malum
803 4028 930 4107 Turius,
946 4028 974 4091 si
989 4027 1067 4111 quid
1081 4049 1116 4092 se
1125 4028 1236 4113 judice
1251 4037 1362 4092 certes.

522 4141 581 4218 Ut,
598 4161 661 4223 quo
676 4139 809 4222 quisque
824 4140 918 4218 valet,
934 4147 1098 4223 suspectos
1112 4147 1242 4218 terreat,
1258 4147 1359 4222 utque
1479 4142 1523 4202 50

522 4253 665 4335 Imperet
679 4250 740 4314 hoc
755 4257 872 4313 natura
885 4258 1008 4333 potens,
1023 4249 1069 4314 sic
1083 4250 1197 4333 collige
1212 4271 1359 4314 mecum:

522 4359 629 4422 Dente
643 4358 748 4443 lupus,
764 4378 864 4422 cornu
878 4366 990 4421 taurus
1005 4359 1104 4442 petit:
1129 4359 1215 4422 unde
1229 4357 1291 4420 nisi
1304 4358 1394 4420 intus

522 4470 768 4534 Monstratum?
815 4469 932 4533 Scoevae
947 4469 1086 4533 vivacem
1102 4470 1196 4534 crede
1210 4468 1322 4554 nepoti

524 4582 686 4652 Matrem:
712 4581 757 4646 nil
771 4579 868 4644 faciet
882 4580 1010 4644 sceleris
1025 4579 1079 4665 pia
1094 4580 1245 4659 dextera3
1267 4579 1397 4656 mirum,

888 4756 929 4805 23.
948 4755 1161 4816 irruamqnamst.
