3450 5667
699 744 732 819 Q.
754 744 913 804 HORAPI
928 746 1073 806 Fusco!

485 920 659 985 Nobilibus
672 920 828 987 trimetris
843 932 973 1007 apparet
988 944 1079 987 rurus
1094 932 1128 988 et
1142 923 1230 988 Enni

483 1031 528 1096 In
541 1053 670 1097 soensm
684 1033 798 1097 missos
813 1054 889 1098 cum
901 1054 1022 1117 mngno
1035 1032 1175 1117 pondere
1189 1054 1299 1097 versus
1417 1038 1484 1099 260

483 1145 553 1208 Aut
567 1164 670 1229 operae
684 1144 795 1209 celeris
809 1144 947 1208 nimium
961 1164 1103 1228 cumque
1117 1146 1256 1209 carentis

483 1256 552 1319 Aut
567 1255 722 1339 ignorstoe
736 1254 854 1338 premit
869 1256 947 1319 ertis
961 1256 1095 1321 crimine
1109 1257 1208 1341 turpi.

483 1366 560 1431 Non
576 1366 677 1450 quivis
691 1366 778 1430 videt
791 1366 1003 1431 immodulstn
1015 1372 1163 1450 poemate
1173 1367 1284 1451 judex,

482 1480 527 1543 Et
541 1478 617 1541 dots
633 1478 787 1542 Romanis
802 1476 896 1541 venio
908 1484 958 1540 est
971 1476 1107 1561 indigns
1120 1478 1232 1561 poetis.

483 1588 650 1654 Idcirccne
664 1608 761 1671 unger
774 1587 976 1671 scribamque
990 1588 1146 1652 licenter?
1169 1610 1212 1652 nn
1224 1588 1330 1653 omnis

482 1700 617 1763 Visuros
631 1706 762 1782 peccata
776 1706 888 1783 putem
903 1720 985 1777 mee,
1002 1706 1094 1763 tutus
1109 1708 1143 1763 et
1156 1700 1243 1763 intre

483 1812 580 1895 Spem
593 1810 694 1874 venire
709 1810 847 1873 cautus?
891 1810 1002 1873 Vitari
1016 1810 1154 1894 deniqne
1168 1811 1306 1895 culpem,

481 1923 560 1987 Non
574 1920 701 1986 lsudem
716 1920 829 1985 merui
874 1922 944 1997 Vos
958 1922 1149 2006 exemplaria
1165 1922 1279 1986 Graecs

481 2034 651 2097 Nocturna
663 2040 788 2097 versate
803 2052 911 2109 uuum¹
927 2040 1052 2097 versute
1066 2032 1193 2097 diurne

481 2147 528 2210 At
541 2144 638 2209 vestri
654 2144 763 2227 proavi
778 2142 948 2207 Plautinos
962 2150 996 2208 et
1008 2164 1161 2207 numeros
1175 2149 1208 2207 et
1310 2128 1314 2133 ⁴

481 2252 667 2317 Inundavere
681 2254 781 2317 soles:
804 2252 942 2317 nimium
959 2254 1117 2337 patienter
1131 2262 1315 2337 utromque,

480 2364 534 2429 Ne
549 2364 654 2428 dicem
668 2364 778 2443 stulte,
793 2363 913 2440 mirnti,
929 2363 1067 2427 simodo
1082 2386 1142 2447 ego
1155 2372 1189 2428 et
1208 2385 1264 2428 vos

482 2474 609 2538 Scimus
623 2472 818 2537 inurbanum
832 2472 939 2557 lepido
953 2495 1105 2557 seponere
1120 2474 1208 2538 dicto

481 2584 742 2668 legitimumque
758 2605 874 2647 sonum
889 2584 999 2667 digitis
1014 2584 1166 2648 callemus
1181 2593 1214 2649 et
1228 2606 1315 2649 sure.

481 2698 636 2779 Ignotum
652 2694 782 2776 tragicae
797 2714 899 2776 genus
913 2694 1071 2758 invenisse
1086 2696 1237 2760 Camenoe

270 2824 320 2867 use.
331 2822 381 2867 ns.
393 2824 411 2866 1.
422 2823 466 2865 uo.
481 2806 608 2871 Dicitur
623 2812 656 2870 et
671 2805 820 2888 plaustris
834 2805 956 2868 vexisse
970 2808 1119 2888 poimnts
1131 2805 1276 2890 Thespis,

482 2920 563 2985 Qum
578 2922 730 2980 canerent
744 2924 939 2998 agerentque
957 2916 1103 2998 peruncti
1116 2916 1249 2980 foecibus
1263 2937 1329 2982 crs.

481 3032 560 3095 Post
573 3028 660 3092 hunc
675 3047 817 3111 personne
832 3026 988 3110 pnlloeqne
1001 3034 1145 3109 repertor
1157 3027 1303 3092 bcnestae

481 3140 653 3225 AEsohylus
667 3146 700 3203 et
715 3137 848 3203 modicis
862 3137 1011 3201 instravit
1025 3136 1150 3221 pulpita
1163 3138 1262 3221 tignis

269 3273 310 3313 eor.
321 3272 345 3313 o.
354 3272 374 3313 1.
385 3272 403 3313 1.
413 3270 445 3311 rs.
480 3254 525 3317 Et
539 3251 649 3316 docuit
663 3268 880 3334 magnumque
893 3249 983 3332 loqui
997 3250 1121 3333 nitique
1135 3250 1302 3316 cothurno.

267 3399 320 3429 eos.
332 3386 354 3429 s.
364 3386 382 3430 1.
392 3388 441 3428 ss.
483 3363 642 3430 Successit
656 3370 748 3427 vetus
762 3362 812 3425 his
828 3361 995 3438 oomoedin,
1011 3381 1077 3423 non
1091 3360 1160 3424 sine
1174 3361 1278 3424 mults

481 3476 612 3554 Laude3
635 3474 740 3539 sedin
754 3473 870 3536 vitium
883 3472 1015 3536 libertus
1029 3472 1147 3535 excidit
1161 3480 1194 3536 et
1208 3472 1274 3535 vim

481 3588 622 3670 Dignam
636 3586 708 3668 lege
721 3584 811 3666 regi;
834 3583 886 3647 lex
900 3590 949 3646 est
963 3590 1093 3666 occepta
1107 3582 1285 3665 chorusque

480 3696 629 3781 Turpiter
643 3695 779 3760 obticuit
793 3693 920 3758 subluto
930 3694 1005 3776 jure
1018 3692 1166 3756 nocendi.

480 3807 539 3872 Nil
553 3806 783 3891 intemptatum
797 3804 901 3869 nostri
915 3805 1037 3887 liquere
1052 3812 1166 3887 poetae,

480 3920 553 3984 Neo
567 3916 737 3981 minimum
754 3935 899 3979 meruere
909 3914 1015 3991 decus,
1030 3913 1166 3997 vestigia
1181 3913 1296 3977 Gneus

480 4030 562 4095 Ausi
577 4028 720 4092 deserere
734 4035 769 4091 et
783 4026 942 4090 celebrere
956 4024 1134 4088 domestico
1146 4022 1241 4103 soom,

480 4139 541 4203 Vel
558 4138 613 4222 qui
628 4144 799 4220 pretextae
812 4136 864 4199 vel
879 4135 935 4219 qni
950 4134 1087 4198 docuere
1102 4140 1239 4217 togatos.

480 4251 551 4315 Nec
565 4249 684 4313 virtute
698 4246 781 4310 foret
796 4246 929 4310 clarisve
943 4246 1106 4329 potentius
1120 4245 1219 4309 ermis

481 4362 588 4429 Quem
603 4358 716 4441 lingue
729 4356 874 4433 Latium,
890 4356 998 4419 sinon
1012 4354 1189 4419 offenderet
1203 4376 1304 4419 unum
1413 4360 1480 4421 290

267 4509 457 4553 p„,s,1,10,05‚
482 4474 651 4554 Quemque
665 4471 831 4553 pciitamm
845 4466 933 4529 limae
950 4464 1041 4529 labor
1055 4473 1089 4529 et
1103 4486 1205 4530 mors.
1248 4467 1328 4544 Vos,
1344 4466 1374 4530 0

481 4582 657 4666 Pompilius
672 4580 811 4663 sanguis,
827 4599 956 4643 carmen
972 4577 1203 4662 reprehendite,
1220 4578 1308 4662 qnod
1326 4598 1392 4642 non

565 4719 623 4773 260.
640 4732 735 4781 magno
747 4732 813 4765 curn.
881 4716 940 4764 264.
957 4714 1093 4765 lveninst.
1160 4714 1219 4765 865.
1235 4717 1269 4764 nt
1279 4730 1378 4764 omnes.

696 4782 752 4835 277.
771 4782 963 4831 loecibusstris.
1030 4782 1089 4831 292.
1107 4782 1265 4843 reprenditc.
1403 4794 1408 4805 ·
