3450 5667
593 789 670 846 ARS
695 787 879 845 Pomm

156 957 202 1017 225
225 955 350 1017 Verum
363 953 408 1017 ita
419 953 546 1031 risores,
561 953 609 1017 ita
622 951 847 1018 commendare
860 950 977 1015 dicacis

225 1064 401 1128 Conveniet
414 1066 555 1148 Satyros,
570 1065 618 1127 ita
630 1071 753 1128 vertere
767 1063 850 1127 seria
862 1061 951 1139 ludo,

226 1175 280 1238 Ne
296 1176 483 1258 quicumque
497 1175 586 1253 deus,
602 1175 797 1259 quicumque
811 1172 1015 1237 adhibebitur
1028 1170 1131 1248 beros,
1164 1185 1167 1192 ’

226 1286 341 1368 Regali
354 1295 540 1370 conspectus
553 1286 588 1350 in
604 1306 682 1350 auro
696 1306 799 1369 nuper
812 1292 846 1348 et
859 1292 959 1361 ostro,

226 1395 349 1478 Migret
362 1396 396 1459 in
409 1396 559 1460 obscuras
572 1395 689 1460 humili
703 1415 850 1459 sermone
864 1393 1024 1470 tabernas,

156 1507 208 1568 ’.30
226 1506 307 1583 Aut,
321 1506 396 1570 dum
409 1507 491 1572 vitat
504 1509 653 1584 humum,
668 1506 771 1571 nubes
784 1513 818 1570 et
831 1505 942 1568 inania
956 1511 1072 1587 captet.

227 1617 362 1682 Effutire
374 1619 450 1682 levis
464 1618 599 1702 indigna
612 1617 783 1700 'lbagoedia
795 1637 914 1695 versus,

229 1727 277 1791 Ut
290 1727 379 1792 lestis
392 1737 540 1792 matrona
553 1729 674 1792 moveri
685 1728 776 1811 jussa
790 1727 913 1805 diebus,
1145 1749 1199 1780 m.
1209 1738 1234 1780 Β.
1244 1739 1263 1779 ¹-
1273 1739 1344 1781 21²⁵-

227 1837 379 1902 Intererit
393 1839 517 1924 Satyris
531 1839 663 1923 paulum
677 1837 864 1923 pudibunda
879 1837 1042 1920 protervia.

226 1947 306 2011 Non
318 1969 377 2032 ego
388 1950 536 2014 inornata
551 1959 584 2013 et
594 1949 795 2013 dominantia
807 1949 939 2013 uomina
954 1949 1056 2012 solum

156 2058 207 2118 235
226 2058 405 2143 Verbaque,
421 2061 563 2139 Pisones,
581 2063 770 2144 Satyrorum
783 2060 919 2144 scriptor
933 2059 1066 2138 amabo;

228 2169 263 2232 N
262 2190 299 2233 ec
312 2169 357 2233 sic
369 2172 472 2235 enitar
484 2171 608 2254 tragico
621 2171 748 2234 differre
762 2169 873 2247 colori,

229 2279 278 2343 Ut
290 2279 369 2343 nihil
382 2282 522 2359 intersit,
537 2281 688 2344 Davusne
701 2281 852 2363 loquatur
866 2288 899 2344 et
914 2279 1016 2344 audax

230 2388 361 2472 Pythias
373 2399 524 2455 emuncto
537 2393 661 2455 lucrata
676 2391 807 2456 Simone
821 2391 993 2468 talentum,

229 2501 281 2562 An
295 2509 400 2586 custos
412 2501 616 2584 famulusque
630 2503 682 2566 dei
697 2503 826 2566 Silenus
840 2501 973 2564 alumni.

156 2608 211 2668 240
230 2610 279 2672 Ex
291 2622 368 2676 noto
381 2613 493 2676 lictum
507 2633 637 2677 carmen
650 2634 773 2696 sequar,
789 2621 827 2676 ut
841 2613 900 2677 sibi
918 2611 1019 2695 quivis

232 2721 342 2804 Sperat
354 2723 450 2801 idem,
466 2723 561 2786 sudet
574 2724 714 2787 multum
728 2723 910 2806 frustraque
925 2723 1046 2787 laboret

230 2832 336 2894 Ausus
348 2832 453 2897 idem:
476 2841 604 2896 tautum
619 2834 716 2896 series
727 2833 943 2916 junctumque
956 2833 1063 2916 pollet,

232 2941 366 3007 Tantum
380 2943 421 3007 de
434 2943 542 3009 medio
556 2944 691 3028 sumptis
706 2943 828 3008 acoedit
841 2943 982 3008 honoris.

231 3055 321 3121 Silvis
335 3057 464 3122 deducti
478 3065 612 3123 caveant
624 3080 678 3123 me
688 3056 798 3142 judice
813 3058 928 3136 Fauni,

158 3165 212 3226 245
232 3166 284 3230 Ne
296 3168 383 3232 velut
397 3169 502 3233 innati
516 3169 617 3233 triviis
631 3189 669 3233 ac
683 3188 773 3252 paene
787 3167 927 3232 forenses

231 3279 297 3340 Aut
309 3277 445 3342 nimium
459 3279 579 3343 teneris
589 3279 787 3361 juvenantur
800 3279 942 3342 versibus
957 3299 1121 3362 umquam,

233 3389 300 3450 Aut
312 3388 478 3452 immunda
492 3398 623 3473 crepent
637 3388 911 3473 ignominiosaque
926 3391 1033 3468 dicta;

234 3501 447 3567 Offenduntur
460 3505 557 3581 enim,
574 3503 691 3586 quibus
705 3512 755 3566 est
768 3525 869 3586 equus
884 3511 917 3568 et
932 3512 1022 3588 pater
1033 3511 1067 3568 et
1075 3525 1136 3582 res,

232 3609 309 3684 Nec,
324 3611 444 3695 siquid
458 3611 544 3676 fricti
557 3612 670 3676 ciceris
684 3613 798 3697 probat
812 3622 845 3677 et
859 3615 950 3678 nucis
965 3621 1099 3698 emptor,
1148 3625 1188 3664 εἰσ·
1199 3623 1220 3665 s·

160 3715 215 3780 250
232 3720 344 3804 AEquis
359 3723 519 3806 accipiunt
533 3724 648 3786 animis
664 3723 823 3788 donantve
837 3745 964 3792 corona.

234 3832 361 3915 Syllaba
374 3833 469 3918 longa
482 3834 571 3898 brevi
584 3834 729 3919 subjecta
742 3844 876 3899 vocatur
889 3837 1025 3914 iambus,
1151 3861 1202 3902 aaa.
1212 3859 1236 3900 c.
1247 3859 1264 3899 1.
1276 3859 1305 3900 u.
1316 3860 1336 3900 a.

233 3943 290 4009 Pes
303 3946 407 4024 citus;
430 3947 516 4010 unde
530 3947 628 4011 etiam
642 3947 796 4010 trimetris
811 3969 987 4012 accrescere
999 3949 1096 4032 jussit

232 4054 361 4120 Nomen
373 4058 517 4135 iambeis,
533 4079 609 4121 eum
623 4079 717 4121 senos
729 4058 877 4122 redderet
890 4059 973 4122 ictus

233 4163 359 4230 Pn‘mus
371 4167 411 4230 ad
425 4176 604 4232 extremum
620 4168 732 4232 similis
742 4168 814 4233 sibi.
859 4169 936 4234 Non
947 4171 994 4233 ita
1004 4169 1140 4253 pridem,

164 4270 214 4333 255
234 4275 369 4344 Tardior.
379 4287 416 4341 ut
430 4278 525 4363 paulo
540 4279 728 4362 graviorque
742 4280 866 4343 veniret
881 4279 920 4343 ad
936 4301 1039 4358 aures,

234 4388 396 4470 Spondeoa
409 4389 534 4453 stabilis
547 4389 584 4452 iu
594 4391 669 4473 jura
681 4397 814 4474 paterna
828 4391 947 4473 recepit

234 4499 426 4590 Commodus
440 4510 474 4564 et
488 4501 623 4585 patiens,
640 4522 706 4566 non
720 4509 758 4564 ut
772 4501 812 4565 de
827 4500 901 4564 sede
915 4500 1056 4564 secunda

233 4594 366 4677 Cederet
380 4619 436 4675 aut
450 4620 566 4695 quarta
580 4612 749 4676 socialiter.
796 4612 862 4674 Hic
878 4619 911 4674 et
925 4611 960 4673 in
975 4611 1054 4674 Acci
1154 4635 1205 4677 Aac.
1217 4635 1241 4678 a.
1251 4636 1270 4676 a.
1282 4636 1300 4678 1.
1311 4637 1343 4677 aa.

1230 3624 1248 3664 l.
1258 3626 1277 3664 a.
1288 3625 1331 3665 llb.

1232 3676 1251 3716 2.
1261 3677 1280 3716 3,
1290 3676 1335 3715 182.

305 4797 366 4846 22⁵.
383 4798 494 4846 dicaces.
561 4800 618 4848 231.
636 4800 714 4847 leves.
782 4797 841 4848 256.
860 4796 976 4844 stabiles.

1130 4899 1150 4944 Τ
