3450 5667
574 759 796 820 CARMINUH
829 763 908 820 ΗΒ.
930 763 976 821 ΙΙ.
1000 764 1038 823 ri.

299 933 431 1000 Quem
446 929 477 994 si
492 927 673 1014 puellarum
687 931 841 996 insereres
855 931 964 1012 choro,

299 1043 405 1107 Mire
423 1061 558 1125 sagaces
571 1040 696 1104 falleret
711 1042 853 1126 hospites

354 1155 554 1219 Diserimen
568 1154 741 1219 obsounrm
756 1157 870 1220 solutis

406 1264 564 1329 Crinibus
579 1264 792 1350 ambiguoque
807 1268 906 1332 voltu.

658 1664 720 1727 VI.

315 1792 485 1870 Sumsit,
503 1792 603 1857 Gadis
618 1791 743 1856 aditure
757 1813 885 1858 meeum
899 1801 933 1858 et
1215 1841 1234 1870 ι.
1243 1827 1284 1880 sp.
1295 1829 1313 1870 ι.
1323 1829 1355 1868 ιι.

316 1903 530 1968 Cantabrum
544 1902 710 1968 indoctum
722 1905 802 1988 juga
815 1905 899 1969 ferre
912 1913 1034 1987 nostra,
1049 1914 1085 1970 et
1128 1945 1131 1948 ·

314 2014 487 2078 Barbaras
504 2015 619 2098 Syrtis,
633 2014 692 2078 ubi
706 2015 823 2080 Maura
838 2037 964 2101 semper

502 2126 635 2189 AEstuat
649 2125 754 2192 unda:
1213 2141 1234 2177 4
1243 2126 1269 2168 ⁰·
1279 2127 1372 2220 ¹2?ss

204 2279 224 2338 5
321 2274 432 2339 Tibur
446 2275 555 2358 Argeo
569 2275 712 2358 positum
726 2275 840 2342 colono
1214 2323 1234 2365 ς.
1243 2312 1270 2354 a
1279 2315 1298 2354 ι.
1307 2315 1369 2356 m

320 2386 377 2449 Sit
391 2406 475 2449 meae
489 2385 579 2449 sedes
593 2387 720 2450 utinam
735 2395 884 2466 senecta,

324 2497 380 2562 Sit
395 2495 512 2560 modus
526 2497 610 2561 lasso
623 2499 722 2564 maris
736 2507 769 2564 et
783 2499 908 2563 viarum
1215 2527 1370 2579 ,anna

504 2608 708 2693 Militiaeque.

326 2753 429 2819 Unde
444 2755 472 2818 si
487 2755 596 2820 Pureoe
609 2755 783 2840 prohibent
797 2757 929 2841 iniquae,

327 2865 436 2930 Dnloe
450 2865 566 2949 pellitis
581 2867 693 2930 oribus
710 2867 828 2932 Galesi

332 2973 474 3040 Flumen
489 2983 521 3038 et
534 2983 670 3060 regnata
683 2985 791 3061 petam
806 2977 931 3042 Laooni

506 3087 595 3150 Rura
609 3085 803 3151 Phalantho.

331 3232 396 3296 Ille
409 3239 566 3296 terrarum
580 3232 661 3297 mihi
676 3239 792 3317 praeter
807 3255 919 3298 omnes

331 3345 484 3429 Angulus
497 3345 590 3425 ridet,
606 3345 663 3410 ubi
678 3367 744 3411 nou
760 3347 924 3432 Hymetto

218 3463 234 3476 '
332 3455 437 3520 Mella
452 3455 620 3536 decedunt,
635 3456 792 3542 viridique
808 3464 912 3522 certat

506 3569 593 3632 Baoa
606 3568 750 3633 Venafro
760 3594 771 3647 3

331 3723 402 3786 Ver
414 3721 471 3786 ubi
486 3722 618 3806 longum
631 3721 820 3808 tepidasque
834 3723 956 3807 praebot

333 3834 486 3918 luppiter
498 3833 640 3912 brumas,
656 3841 690 3898 et
705 3834 827 3898 amicus
842 3835 952 3899 Aulon

333 3945 449 4010 Fertili
464 3945 591 4009 Baooho
606 3945 778 4008 minimum
795 3945 938 4010 Falernis

509 4056 639 4122 Invidet
654 4057 735 4123 uvis.

334 4203 401 4268 Ille
416 4209 449 4267 te
463 4224 590 4268 mecum
604 4205 743 4270 locus'et
757 4204 860 4269 beatae

335 4299 508 4381 Postulant
524 4339 633 4383 arces:
656 4319 704 4384 ibi
718 4327 756 4384 tu
770 4319 929 4386 calentem

336 4427 460 4491 Debita
473 4449 601 4513 sparges
615 4429 749 4494 lacrima
766 4430 909 4496 favillam

512 4541 607 4605 Vatis
630 4542 733 4606 amici.

216 4714 241 4750 r.
266 4701 312 4748 24
331 4699 418 4747 vultu.
517 4713 552 4750 rr.
571 4703 594 4752 1.
614 4702 706 4752 Gades.
775 4705 800 4756 3.
819 4703 918 4768 Syrtes.
987 4705 1026 4754 12.
1045 4707 1179 4756 Phalanto.
