3450 5667
300 1252 445 1305 assae

301 1370 351 1411 dr.
361 1368 388 1410 C.
396 1370 416 1410 8.
426 1370 459 1409 2⁸.
471 1370 504 1410 lt.

306 1730 336 1769 14.
347 1716 373 1757 B.
383 1716 403 1756 1.
412 1718 431 1757 Β.
441 1716 461 1755 7.

349 1768 374 1809 c.
384 1768 404 1808 ι
415 1767 446 1807 ld.
457 1768 488 1807 Ἀ

310 1966 491 2011 sunm

309 2214 492 2259 uxama

309 2440 492 2487 nutum

710 720 746 793 Q.
766 720 928 779 noem
946 716 1088 777 rrrccz

689 887 822 953 Declivc
835 886 1064 969 contempleris
1077 906 1199 962 arrum,
1215 890 1253 947 et

733 1000 888 1084 Telegoni
899 1000 981 1084 juga
994 996 1170 1083 parricidae.

649 1134 862 1201 Fastidicsam
878 1134 988 1197 desere
1003 1134 1127 1217 copiam
1142 1142 1176 1197 et

650 1246 776 1311 Molem
790 1244 1006 1329 propinquam
1022 1244 1162 1308 nubibus
1177 1242 1289 1307 arduis
1299 1270 1313 1321 5

693 1356 823 1421 Omitte
838 1356 950 1419 mirari
965 1355 1069 1419 beatae

737 1470 880 1533 Fumum
895 1474 928 1531 et
943 1487 1019 1551 opes
1034 1467 1269 1551 strepitumque
1285 1466 1422 1530 Rome.

650 1604 848 1686 Plerumque
862 1611 964 1687 gratae
979 1602 1132 1667 divitibus
1146 1603 1242 1679 vices,

651 1714 852 1797 Mundrequc
866 1735 964 1798 parvo
979 1714 1040 1778 sub
1054 1714 1121 1779 lare
1136 1735 1319 1799 pauperum

696 1830 804 1905 Cenae,
820 1827 890 1892 sine
906 1827 1015 1893 aulaeis
1029 1836 1062 1893 et
1077 1836 1176 1905 ostro,

742 1939 924 2005 Sollicitam
939 1939 1119 2023 explicuere
1133 1938 1284 2002 frontem.

654 2077 677 2139 J
678 2096 731 2138 am
745 2074 850 2138 clanis
864 2074 1027 2137 occultum
1043 2074 1258 2139 Andromede
1273 2081 1371 2157 pater

655 2185 808 2250 Ostendit
822 2185 950 2269 ignem:
970 2187 1041 2269 jam
1059 2187 1207 2269 Prccyon
1221 2185 1300 2248 furit

560 2352 565 2359 .
698 2298 743 2361 Et
757 2297 852 2361 stella
866 2297 975 2361 vesani
991 2295 1122 2376 Leonis,

744 2408 819 2473 Sole
833 2408 904 2473 dies
919 2409 1077 2473 referente
1092 2408 1206 2473 siccos.

656 2546 677 2607 J
680 2565 733 2607 em
747 2552 857 2627 pastor
872 2541 1004 2607 umbras
1019 2564 1094 2607 cum
1110 2564 1207 2626 grege
1222 2542 1380 2625 languido

657 2655 840 2737 Rivunrque
853 2653 959 2717 sessus
973 2654 1100 2737 querit,
1115 2662 1149 2717 et
1162 2652 1285 2717 horridi

700 2766 845 2829 Dumeta
859 2763 1002 2827 Silvani:
1026 2772 1176 2848 caretque

746 2873 831 2957 Ripa
845 2873 934 2956 vagis
949 2874 1110 2938 taciturna
1125 2873 1240 2941 sentis.

657 3010 709 3073 ‘su
722 3008 888 3074 civitatem
904 3010 975 3094 quis
989 3010 1101 3075 deceat
1115 3018 1219 3074 status

658 3120 773 3197 Curae,
788 3129 823 3185 et
838 3120 923 3185 Urbi
938 3122 1093 3185 sollicitus
1107 3122 1213 3200 times,

704 3230 794 3299 Quid
809 3230 904 3294 Seres
918 3240 952 3294 et
966 3238 1100 3313 regnata
1115 3232 1202 3314 Cyro

747 3344 868 3407 Bactra
882 3352 996 3427 parent
1011 3342 1190 3426 Tanaisque
1206 3342 1339 3407 discors.

662 3478 809 3542 Prudens
822 3478 925 3541 futuri
939 3479 1092 3563 temporis
1106 3457 1230 3543 etitum

661 3592 847 3675 caliginosa
859 3600 956 3657 nocte
972 3592 1088 3678 premit
1104 3593 1194 3673 deus,

706 3702 877 3787 Ridetque,
893 3704 921 3767 si
937 3704 1081 3768 mortalis
1103 3704 1189 3769 ultra
1277 3730 1282 3741 ·

751 3814 814 3878 Fas
827 3814 978 3898 trepidat.
1025 3815 1122 3882 Quod
1137 3815 1228 3879 adest
1243 3824 1411 3881 memento

663 3950 865 4033 Componere
880 3972 1011 4033 scquus3
1035 3960 1142 4015 cetera
1156 3952 1299 4015 fluminis

664 4061 743 4125 Ritu
757 4062 917 4142 feruntur,
933 4084 1020 4128 nunc
1035 4062 1141 4128 medio
1155 4064 1244 4129 alveo

707 4172 792 4236 Cum
807 4194 884 4256 pace
899 4174 1078 4239 delabentis
1093 4176 1269 4239 Etruscum

751 4282 794 4345 In
808 4304 908 4362 mare,
925 4304 1013 4361 nunc
1027 4284 1150 4369 lapides
1165 4285 1277 4349 adesos

664 4434 850 4517 Stirpcsquc
866 4442 984 4519 raptas,
1001 4442 1034 4499 ct
1049 4456 1147 4517 pecus
1164 4442 1198 4498 et
1213 4434 1326 4498 domos

663 4542 832 4609 Vclrentis
846 4568 923 4625 una,
940 4567 1006 4611 non
1021 4546 1091 4611 sine
1108 4546 1269 4611 montium

958 4722 999 4770 ³1.
1015 4737 1128 4783 ectlucrc.
