3450 5667
716 717 748 790 Q.
778 719 936 777 HORATI
959 719 1104 777 macor

510 880 564 944 Ne
579 879 675 946 fueris
689 881 744 946 hic
758 891 807 947 tu.
852 883 1047 968 chlamydes
1061 883 1227 963 Lucullus,
1242 892 1280 949 ut
1294 885 1397 967 aiunt,
1464 895 1511 954 40

512 991 546 1053 Si
561 999 668 1076 posset
683 1001 813 1072 eentum
829 1016 932 1058 seenae
947 995 1086 1079 prebere
1100 1003 1243 1079 rogatus,

510 1100 576 1166 Qui
591 1124 720 1185 possum
735 1105 810 1167 tot?
834 1103 900 1182 ait,
923 1113 1034 1169 tamen
1048 1113 1082 1168 et
1097 1125 1238 1188 quaeram
1253 1114 1286 1171 et
1297 1116 1376 1191 quot
1384 1109 1512 1174 habebo

508 1212 663 1277 Mittam:
687 1221 758 1297 post
773 1215 870 1298 paulo
884 1214 996 1279 scribit
1010 1216 1071 1280 sibi
1086 1217 1175 1280 milia
1190 1218 1331 1301 quinque

508 1324 586 1387 Esse
602 1323 688 1388 domi
704 1323 929 1409 chlamydum:
952 1335 1077 1410 partem
1092 1327 1143 1390 vel
1156 1328 1284 1394 tolleret
1298 1351 1420 1394 omnes.

492 1423 608 1498 'Exilis
623 1435 736 1498 domus
750 1441 809 1513 est,
825 1435 881 1500 ubi
895 1457 962 1500 non
977 1443 1011 1500 et
1024 1437 1128 1501 multa
1141 1446 1312 1522 supersunt
1463 1445 1508 1503 45

505 1547 549 1608 Et
564 1527 731 1609 dominnm
746 1545 862 1608 fallunt
877 1553 911 1609 et
925 1554 1059 1629 prosunt
1073 1546 1209 1612 furibus.
1253 1550 1351 1632 Ergo,

506 1657 538 1718 Si
556 1677 606 1720 res
620 1656 687 1719 sola
700 1663 807 1739 potest
821 1656 925 1720 facere
939 1665 972 1720 et
985 1677 1109 1721 servare
1123 1657 1265 1737 beatum,

506 1767 579 1830 Hoc
593 1767 715 1851 primus
729 1775 852 1851 repetas
866 1788 957 1852 opus,
971 1768 1033 1832 hoc
1047 1776 1229 1852 postremus
1243 1771 1385 1836 omittas.

291 1905 336 1946 epe.
348 1894 372 1934 n.
382 1895 401 1936 s.
411 1895 429 1935 a.
440 1895 484 1935 soa.
506 1879 541 1942 Si
556 1878 754 1942 fortunatum
772 1878 894 1961 species
908 1886 942 1942 et
957 1880 1061 1962 gratia
1073 1887 1216 1963 praestat,

504 1990 689 2054 Mercemur
702 2011 840 2068 servum,
858 1989 913 2072 qui
929 1989 1029 2054 dictet
1044 1991 1184 2068 nomina,
1198 1993 1313 2057 laevum
1460 1997 1506 2058 50

286 2119 340 2159 ron·
351 2108 373 2150 S·
382 2110 400 2150 1-
411 2111 430 2150 ³·
440 2111 471 2152 ⁷⁸·
504 2100 569 2166 uui
584 2099 702 2164 fodicet
716 2101 801 2164 latus
815 2107 848 2164 et
863 2109 957 2184 cogat
971 2112 1061 2165 trans
1077 2101 1217 2185 pondera
1230 2103 1375 2167 dextram

503 2212 679 2294 Porrigere.
726 2211 792 2274 Hie
807 2211 948 2274 multum
962 2210 997 2273 iu
1013 2210 1114 2275 Fabia
1127 2212 1222 2290 valet,
1238 2213 1293 2276 ille
1307 2214 1426 2278 Velina
1438 2240 1446 2290 ;

502 2321 643 2386 Cuilibet
657 2321 710 2385 hic
724 2321 824 2384 fasces
838 2321 928 2384 dabit
941 2321 1117 2405 eripietque
1132 2322 1243 2385 curule

289 2457 340 2508 inp
351 2457 376 2500 n.
387 2459 405 2498 a.
415 2460 434 2499 s.
444 2459 487 2500 ns.
501 2435 562 2497 Cui
578 2433 663 2497 volet
677 2433 880 2516 importunus
894 2432 983 2497 ebur.
1029 2433 1151 2510 Frater,
1169 2433 1273 2511 Pater,
1290 2433 1390 2498 adde:

502 2547 549 2610 Ut
565 2545 679 2626 cuique
694 2551 743 2608 est
758 2552 846 2620 aetas,
861 2543 909 2606 ita
923 2565 1082 2626 quemque
1098 2543 1221 2608 facetus
1241 2544 1368 2628 adopta.
1458 2551 1502 2610 55

502 2657 549 2734 Si,
564 2655 646 2721 bene
660 2655 716 2738 qui
730 2662 833 2734 cenat,
850 2653 931 2718 bene
945 2654 1033 2732 vivit,
1048 2655 1149 2734 lucet,
1163 2677 1273 2718 eamus

286 2787 331 2839 yut.
343 2787 363 2827 s.
374 2788 392 2828 a.
403 2788 421 2828 v.
433 2787 486 2838 m,
502 2768 575 2832 Quo
591 2765 680 2830 ducit
695 2765 790 2848 guls3
814 2765 982 2848 pisccmur,
998 2785 1161 2843 venemur,
1178 2773 1215 2828 ut
1228 2766 1307 2828 olim

192 2858 197 2872 ί
285 2912 332 2963 pp,
344 2911 368 2952 n.
380 2841 480 2952 giliis,
501 2878 675 2962 Gargilius,
692 2877 748 2960 qui
763 2897 857 2940 mane
871 2876 992 2959 plagas,
1008 2875 1175 2953 venabula,
1191 2897 1296 2938 servos

500 2989 674 3053 Differtum
689 2987 825 3051 transire
839 2986 946 3051 forum
960 2985 1176 3069 populumque
1186 2985 1334 3068 jubebat,

500 3103 595 3166 Unus
609 3108 647 3164 ut
661 3121 679 3164 e
694 3099 804 3162 multis
819 3097 938 3182 populo
953 3103 1117 3180 spectante
1130 3096 1264 3159 referret
1454 3099 1501 3160 60

287 3253 332 3282 eru.
344 3241 364 3281 s.
376 3241 464 3282 ass
498 3215 654 3297 Emptum
669 3211 776 3273 mulus
791 3229 914 3293 aprum.
960 3206 1060 3270 Crudi
1075 3205 1254 3290 tumidique
1269 3206 1423 3285 lavemur,

500 3324 586 3391 Quid
603 3322 723 3399 deceat,
741 3320 818 3404 quid
832 3341 908 3396 non,
925 3317 1029 3396 obliti,
1045 3318 1162 3381 Caerite
1177 3338 1250 3381 cera

499 3435 607 3518 Digni,
624 3433 793 3516 remigium
810 3431 958 3495 vitiosum
975 3429 1155 3494 ithacensis
1170 3428 1291 3506 Ulixei,

499 3547 559 3611 Cui
575 3545 681 3629 potior
694 3543 798 3628 patria
811 3541 874 3606 fuit
888 3540 1060 3604 interdicta
1078 3540 1234 3622 voluptas.

286 3690 348 3730 nim.
357 3689 406 3729 na.
414 3691 432 3729 2.
440 3689 484 3729 101.
499 3658 545 3736 Si,
562 3657 778 3720 Mimnermus
792 3652 842 3717 uti
857 3657 975 3728 censet,
992 3649 1061 3714 sine
1076 3670 1184 3713 amore
1195 3647 1340 3731 jocisque
1453 3655 1496 3714 05

497 3769 556 3834 Nil
570 3775 619 3832 est
630 3765 820 3850 jucundum,
836 3763 923 3826 vivas
936 3763 973 3824 in
987 3781 1095 3824 amore
1106 3759 1277 3842 jocisque.-

281 3897 351 3937 rins.
361 3897 484 3938 saeuo.
498 3881 590 3957 Vive,
606 3880 684 3942 vale.
731 3877 765 3940 Si
781 3874 858 3958 quid
872 3873 990 3937 novisti
1005 3873 1123 3935 rectius
1137 3871 1219 3947 istis,

285 4025 333 4054 can.
346 4013 369 4054 n.
381 4015 398 4056 1.
409 4017 428 4056 s.
439 4016 457 4056 1.
498 3990 660 4058 Candidus
674 3987 802 4072 imperti
814 4013 823 4065 3
839 3986 867 4050 si
878 4006 953 4064 non,
969 3983 1019 4047 his
1032 3991 1125 4048 utere
1139 4002 1276 4046 mecum.

978 4350 1061 4414 VII.

495 4491 659 4559 Quinque
675 4486 742 4550 dies
756 4483 816 4548 tibi
831 4484 991 4567 pollicitus
1006 4506 1058 4547 me
1073 4503 1146 4546 rure
1163 4483 1318 4558 futurum,

495 4601 648 4664 Sextilem
663 4605 767 4660 totum
785 4595 921 4658 mendax
936 4594 1107 4658 desideror.
1153 4591 1254 4673 Atqui

571 4737 611 4783 51.
629 4735 719 4782 snm.
787 4734 826 4780 sa.
845 4731 971 4790 cuilibet,
984 4732 1015 4782 is.
1040 4719 1045 4728 '
1085 4734 1124 4780 51.
1142 4730 1252 4779 cuilibet
1264 4729 1326 4791 imp.
1339 4729 1383 4776 in
1395 4731 1424 4776 n.
