3450 5667
811 716 845 787 Q.
869 714 1030 773 HORATI
1045 716 1188 774 rrAccl

1071 1008 1133 1073 XI.

641 1148 758 1227 Parrr,
774 1148 858 1213 nihil
874 1172 936 1229 me,
952 1148 1036 1214 sicut
1051 1156 1157 1226 antea,
1169 1146 1264 1231 jurat

687 1258 835 1324 Scribere
848 1260 1019 1325 versiculos
1034 1278 1142 1323 amore
1156 1278 1342 1342 percussum
1357 1254 1445 1340 graii.

642 1368 774 1447 Amore,
790 1370 846 1453 qui
861 1392 914 1434 me
929 1377 1045 1454 prater
1059 1376 1172 1435 omnes
1187 1370 1310 1453 expetit

687 1478 845 1543 Mollibus
859 1480 894 1542 in
909 1479 1017 1563 pueris
1032 1480 1138 1543 autin
1153 1478 1270 1563 puellis
1284 1496 1384 1541 urere.

643 1588 710 1651 llic
723 1588 840 1653 tertius
855 1588 1045 1667 December,
1062 1610 1102 1653 ex
1117 1610 1182 1674 quo
1197 1588 1309 1653 destiti
1542 1584 1555 1639 5

685 1698 821 1763 lnacbia
833 1700 952 1777 furere,
967 1699 1054 1763 silvis
1070 1700 1223 1764 honorem
1239 1698 1372 1763 decutit.

643 1809 739 1874 Heni
763 1832 828 1889 me,
843 1832 900 1895 per
914 1810 1147 1875 urbem-nam
1161 1809 1264 1894 pudet
1278 1808 1362 1873 tanti
1375 1805 1480 1870 mali-

685 1922 809 2015 Fabula
824 1930 945 2006 quanta
959 1922 1007 1985 fui
1022 1922 1029 1984 !
1056 1922 1274 1986 conviviorum
1289 1932 1322 1985 et
1336 1921 1468 2005 poenitet,
1587 1928 1588 1944 ³

642 2032 686 2097 In
700 2032 791 2115 queis
805 2040 969 2097 amantem
983 2040 1017 2097 et
1032 2032 1168 2115 languor
1181 2040 1216 2096 et
1232 2032 1394 2096 silentium

565 2213 571 2226 ‚
689 2142 819 2227 Arguit,
833 2151 868 2207 et
883 2143 983 2207 latere
998 2142 1119 2227 petitus
1133 2142 1201 2206 imo
1215 2142 1358 2227 spiritus.
1532 2133 1560 2194 10

557 2296 565 2333 ς
644 2253 810 2319 contram
824 2254 950 2317 lucrum
965 2252 1012 2315 nil
1025 2253 1131 2316 valere
1145 2252 1322 2315 candidum

688 2362 844 2447 Pauperis
857 2362 1049 2447 ingenium?
1072 2362 1228 2447 querebar
1242 2364 1407 2447 applorans
1419 2356 1481 2433 tibi,

424 2539 428 2547 ,
529 2538 535 2549 ,
645 2473 751 2537 Simul
764 2473 898 2537 calentis
911 2472 1145 2537 inverecundus
1159 2472 1238 2536 deus

688 2583 870 2649 Fervidiore
883 2606 972 2649 mero
988 2605 1103 2649 arcana
1116 2592 1280 2667 promorat
1294 2587 1373 2649 loco.

647 2694 746 2761 Quod
760 2694 788 2757 si
802 2695 882 2757 meis
896 2693 1046 2757 inaestuet
1060 2693 1244 2777 precordiis
1533 2688 1562 2746 15

689 2805 808 2870 Libera
821 2805 907 2883 bilis,
923 2814 961 2868 ut
975 2803 1045 2869 haec
1059 2804 1187 2887 ingrate
1201 2804 1306 2868 ventis
1320 2802 1436 2868 dividat

384 2883 437 2963 ὀἷ
461 2904 469 2963 ἶ
494 2903 501 2963 .'
524 2902 535 3013 s·
646 2916 815 2995 Fomenta,
829 2916 947 2979 vulnus
960 2915 1007 2978 nil
1022 2916 1144 2979 malurn
1157 2916 1309 2995 levantia,

689 3028 825 3091 nana
839 3026 1016 3111 imparibrn
1031 3036 1152 3091 certare
1166 3035 1347 3091 summotus
1361 3024 1466 3111 pudor.
1588 3008 1589 3055 ³

648 3138 716 3205 Ubi
730 3138 800 3201 baec
814 3158 941 3201 severus
955 3146 988 3202 te
1003 3138 1109 3222 palam
1123 3137 1338 3217 laudaveram,

690 3253 712 3315 J
713 3272 805 3314 ussus
820 3248 908 3314 abire
923 3250 1067 3327 domuin,
1082 3249 1208 3314 ferebar
1221 3250 1344 3314 incerto
1358 3248 1435 3333 pede
1537 3241 1567 3303 20

646 3361 700 3426 Ad
714 3382 779 3425 non
794 3360 914 3423 amicos
928 3359 1011 3423 heu!
1037 3360 1117 3423 mibi
1131 3368 1250 3443 postes,
1266 3370 1299 3424 et
1313 3360 1396 3424 heul

690 3472 820 3537 Limina
833 3470 923 3549 dura,
940 3470 1056 3554 quibus
1069 3470 1197 3533 lumbos
1211 3478 1244 3534 et
1259 3470 1374 3553 infregi
1389 3471 1477 3532 latus.

645 3581 757 3661 Nunc,
773 3582 939 3666 gloriantis
955 3582 1130 3664 quamlibet
1145 3581 1367 3645 mulierculam

689 3692 828 3757 Vincere
841 3692 987 3771 mollitie,
1003 3713 1093 3757 amor
1107 3694 1233 3778 Lycisci
1250 3715 1303 3758 me
1315 3700 1427 3757 tenet:

646 3802 743 3868 Unde
758 3804 905 3887 expedire
919 3826 986 3868 non
1001 3805 1175 3869 amicorum
1191 3813 1312 3890 queant
1542 3800 1571 3861 25

387 3942 424 3984 ur.
435 3940 456 3982 s.
467 3941 487 3983 1.
497 3940 517 3981 s„
529 3940 573 3981 rar.
689 3912 806 3979 Libera
819 3914 961 3993 consilia,
978 3936 1036 3979 nec
1051 3916 1253 3981 contumeliae
1268 3939 1399 4001 gravesJ

647 4024 712 4087 Sed
726 4024 807 4088 alius
822 4024 915 4089 ardor
930 4032 986 4089 aut
1001 4026 1115 4109 puellm
1129 4027 1285 4105 candidae,

389 4162 421 4201 n.
432 4158 456 4200 c.
466 4160 485 4199 ι.
495 4158 514 4197 s.
525 4157 557 4197 rr
689 4139 758 4200 Aut
772 4136 882 4200 teretis
897 4138 997 4220 pueri,
1013 4138 1142 4221 longam
1156 4138 1340 4204 renodantis
1355 4158 1487 4203 comam.

703 4298 728 4347 1.
744 4297 826 4347 Pecti.
893 4301 917 4348 2.
929 4299 1088 4361 perculsum.
1155 4302 1195 4350 Ἃ
1214 4301 1331 4362 mollitia,
1346 4300 1383 4367 (S.
1397 4302 1420 4351 2.
1432 4304 1456 4350 3.
1467 4296 1514 4357 27.)
