3450 5667
504 758 728 819 oARMINUM
761 764 841 821 ΗΒ.
861 764 924 823 III.
947 764 983 824 vi.

328 916 358 980 Si
369 928 482 1005 pugnat
496 926 652 989 extricata
666 926 772 991 densis

361 1031 453 1097 Cerva
465 1034 579 1119 plagis,
595 1037 657 1101 erit
671 1038 725 1103 ille
739 1039 845 1119 fortis,

264 1160 342 1227 “Qui
354 1169 470 1249 perfidis
483 1192 519 1235 se
534 1172 672 1237 credidit
685 1175 831 1241 hostibus
842 1202 853 1255 ς

287 1272 324 1337 Et
335 1275 430 1344 Marte
444 1283 563 1347 Poeuos
577 1294 721 1368 proteret
735 1288 848 1367 altero,

196 1378 224 1437 35
324 1387 377 1453 Qui
391 1391 453 1456 lora
466 1395 623 1461 restrictis
637 1396 765 1462 laoertis

358 1502 456 1569 Sensit
469 1506 566 1586 iners,
582 1508 756 1593 timuitque
770 1518 919 1577 mortem.

254 1635 282 1702 .“
290 1632 352 1714 Hie,
364 1640 443 1705 unde
456 1643 556 1707 vitam
571 1654 713 1710 sumeret
727 1648 846 1712 inscius

287 1746 382 1813 Paoem
394 1752 498 1818 duello
511 1756 652 1821 miscuit.
696 1758 864 1842 Opudori
1142 1756 1340 1851 ⁶⁸²·⁰{·}}i⁵

322 1860 654 1950 Omaganarthago,
669 1868 830 1952 probrosis
1207 1858 1322 1902 ΕΜ

194 1961 225 2020 ⁴¹0
355 1973 451 2039 Altior
465 1976 572 2042 Italis
585 1979 689 2043 ruinis
700 1981 779 2043 Ψ·-

286 2104 381 2171 Fortm
391 2112 511 2194 pudioe
526 2116 673 2199 eonjugis
687 2118 843 2197 osculum,
1137 2158 1193 2209 pua.
1205 2158 1244 2211 sp.
1255 2160 1274 2201 r.
1285 2160 1316 2201 a.

284 2214 438 2304 Parvosque
452 2232 559 2301 natos,
574 2233 613 2287 ut
627 2226 741 2310 capitis
755 2227 871 2306 minor,

317 2329 362 2393 Ab
374 2354 404 2395 se
415 2336 600 2415 removisse,
616 2345 651 2401 et
664 2337 790 2402 virilem

352 2442 464 2509 'Porrus
476 2446 570 2510 humi
583 2450 727 2532 posuisse
742 2450 864 2514 voltum
875 2476 884 2528 ς

189 2570 218 2628 45
282 2572 372 2643 Donec
383 2580 518 2647 labantis
533 2585 665 2649 oonsilio
678 2587 792 2651 Patres

282 2687 414 2757 Firmaret
426 2704 542 2760 auotor
555 2717 732 2781 numquam
748 2698 825 2762 alias
839 2699 925 2779 dato,

316 2800 453 2889 Interque
466 2808 629 2871 maereutis
642 2809 762 2873 amicos

350 2914 498 3002 Egregius
513 2928 696 3003 properaret
709 2921 809 2985 exsul.

282 3046 364 3130 Atqui
375 3053 500 3130 sciebat,
516 3075 590 3137 quae
604 3054 666 3119 sibi
679 3056 835 3122 barbanus

189 3148 218 3207 50
280 3156 374 3224 tortor
383 3172 528 3246 pararet3
551 3188 618 3230 non
632 3168 726 3232 aliter
738 3176 848 3234 tamen

313 3271 437 3340 Dimovit
454 3278 620 3342 obstantes
635 3280 840 3363 propinquos,
891 3288 894 3295 ’

348 3384 387 3449 Et
398 3388 551 3472 populum
565 3389 689 3453 reditus
703 3398 895 3475 morantem,

279 3516 366 3583 Quam
378 3523 403 3585 si
416 3524 571 3588 clientum
585 3526 684 3609 longa
696 3521 828 3612 negotia

276 3627 434 3711 Dijudioata
448 3636 507 3700 lite
520 3636 718 3721 relinqueret

184 3733 212 3793 55
309 3742 439 3811 Tendens
453 3749 659 3813 Venafranos
672 3749 708 3812 in
722 3772 827 3834 agros,

343 3856 406 3919 Aut
418 3857 699 3924 Laoodaemonium
713 3862 898 3928 Tarentum.

587 4196 650 4260 VI.

271 4313 401 4384 Deurcrs
413 4322 571 4405 majorum
587 4324 768 4389 immeritus
781 4327 862 4407 lues,

270 4425 405 4510 Romane,
421 4430 521 4498 donea
534 4435 657 4519 templa
669 4437 829 4518 refeceris,

305 4540 448 4625 AEdisque
460 4544 603 4610 labentes
619 4546 762 4628 deorum,
778 4558 812 4613 et

341 4652 436 4717 Foeda
448 4655 539 4739 nigro
553 4656 724 4722 simulacra
738 4660 838 4725 fumo.

210 4779 239 4828 ³7·
252 4787 330 4847 nptias.
390 4792 431 4839 45.
445 4792 571 4844 labantes.
639 4794 681 4846 47.
698 4803 844 4848 maerentes.
946 4802 969 4851 ³.
987 4804 1064 4853 aedes.

1132 4912 1155 4961 G
