3450 5667
751 716 785 785 Q.
807 714 964 771 uuam
983 714 1125 773 FLAOCI

638 875 901 959 Defunctumque
916 875 1080 943 laboribus

682 988 813 1071 AEquali
827 996 949 1053 mereat
964 998 1050 1054 sorte
1065 990 1210 1055 vicarius.

639 1098 712 1163 Illic
727 1108 829 1161 matre
844 1099 1029 1165 carentibus

682 1207 842 1292 Privignis
855 1210 972 1275 mulier
986 1218 1143 1295 temperat
1157 1212 1313 1280 innocms
1326 1242 1334 1281 r

637 1318 710 1384 Nec
723 1318 835 1383 dotata
847 1320 931 1403 'regit
945 1320 1050 1384 virum

680 1429 818 1515 Conjux,
833 1452 894 1495 nec
908 1430 1011 1495 nitido
1025 1431 1096 1495 fidit
1111 1430 1273 1500 adultam:
1491 1434 1526 1495 20
1597 1514 1598 1517 Ἴ

637 1542 706 1607 Dos
719 1549 769 1605 est
783 1562 901 1625 magna
914 1542 1096 1625 parentium

679 1652 804 1727 Virtus,
820 1659 854 1715 et
868 1665 1016 1715 metuens
1032 1652 1162 1719 alterius
1176 1656 1235 1719 viri

637 1764 735 1829 Certo
748 1761 867 1827 loedere
888 1763 1030 1843 castitas,
1154 1836 1158 1843 ¹

680 1874 725 1939 Et
738 1894 869 1957 peccare
883 1874 983 1952 nefas,
1000 1883 1056 1938 aut
1070 1876 1212 1959 pretium
1227 1880 1336 1945 emori.

636 1988 666 2051 Ο
681 1985 825 2069 quisquis
838 1984 923 2049 volet
938 1984 1051 2069 impias
1104 1972 1109 1982 ⁴
1483 1988 1517 2048 25
1597 2000 1598 2011 ¹

680 2095 792 2162 Caedes
805 2104 839 2159 et
852 2095 976 2159 rabiem
991 2096 1102 2161 tollere
1116 2096 1261 2177 civicam,
1597 2086 1598 2095 ¹

337 2252 392 2294 qu.
402 2242 427 2283 c,
436 2245 456 2285 ς,
465 2244 536 2285 m,
637 2206 674 2273 Si
689 2213 811 2289 quaerct
825 2206 922 2270 Pater
938 2206 1078 2271 Urbium

680 2317 845 2382 Subscribi
858 2318 984 2393 statuis,
1000 2316 1190 2382 indomitam
1205 2319 1319 2383 audeat

339 2484 370 2523 ,9,
381 2470 475 2513 Μ,
486 2472 518 2511 10,
637 2429 809 2495 Refrenare
822 2429 997 2507 licentiam,

649 2600 653 2607 .
678 2542 793 2605 Clarus
808 2541 1018 2625 postgenitis;
1041 2548 1210 2623 quatenus,
1226 2541 1288 2606 heu
1303 2542 1388 2605 nefas
1400 2540 1407 2605 l
1483 2537 1517 2596 30
1597 2544 1598 2581 ³

635 2652 801 2716 Virtutem
815 2651 1011 2715 incolumem
1025 2650 1160 2723 odimus,
1198 2688 1204 2697 ·

679 2762 847 2827 Sublatam
862 2782 901 2825 ex
916 2762 1016 2826 oculis
1031 2762 1204 2845 quaerimus
1218 2762 1325 2827 invidi.

635 2880 724 2949 Quid
737 2880 846 2944 tristes
861 2878 1079 2962 querimonias,

679 2992 715 3057 Si
728 2969 795 3055 non
809 2990 963 3075 supplicio
970 2991 1071 3074 culpa
1084 2990 1263 3056 reciditur?

634 3102 723 3172 Quid
737 3103 822 3185 leges
837 3102 906 3166 sine
926 3102 1068 3166 moribus

675 3217 778 3280 Vana
791 3213 974 3298 proficiunt,
989 3213 1017 3276 si
1030 3233 1134 3295 neque
1154 3211 1283 3278 fervidis

498 3376 502 3385 .
632 3326 713 3391 Pars
726 3323 849 3387 inclusa
865 3320 1022 3385 caloribus

675 3434 805 3513 Mundi,
820 3455 879 3498 nec
895 3434 1005 3497 Borcae
1021 3432 1194 3523 finitimum
1209 3434 1303 3513 latus,

632 3547 828 3629 Durataeque
842 3544 910 3609 solo
924 3544 1022 3622 nives,

675 3659 890 3721 Mercatorem
907 3654 1066 3739 abigunt?
1088 3654 1217 3720 horrida
1232 3656 1338 3721 callidi
1503 3653 1546 3715 40

631 3770 778 3833 Vincunt
792 3787 920 3852 aequora
934 3767 1072 3831 navitae?
1148 3842 1151 3849 ,

673 3882 832 3963 Magnum
847 3878 1012 3964 pauperies
1026 3876 1230 3962 opprobrium
1242 3878 1336 3961 jubet

631 3992 765 4062 Quidvis
780 4003 813 4055 et
826 3990 930 4054 iacere
944 3996 977 4053 et
991 3988 1066 4073 pati,

672 4102 875 4185 Virtutisque
891 4100 974 4164 viam
990 4098 1105 4163 deserit
1120 4096 1252 4162 mduae?
1597 4091 1598 4175 l

630 4212 1036 4296 velnosincapitolium,
1148 4267 1151 4273 .
1497 4206 1539 4269 45

674 4327 749 4394 Quo
763 4324 884 4389 clamor
899 4329 990 4385 vocat
1005 4328 1039 4385 et
1054 4319 1149 4384 turba
1162 4318 1349 4399 faventium,
1597 4328 1598 4365 ³

628 4439 691 4503 Vel
705 4458 765 4501 nos
779 4436 814 4499 in
829 4454 916 4498 mare
932 4432 1112 4517 proximum
1597 4454 1598 4473 κ

672 4549 825 4615 Gemmas
839 4555 873 4609 et
888 4542 1019 4630 lapides,
1037 4562 1148 4606 aurum
1165 4550 1198 4605 et
1211 4540 1337 4619 inutile,

705 4722 745 4769 2⁰.
763 4721 882 4783 conjunx.
949 4720 989 4767 24.
1007 4722 1048 4767 cst
1061 4717 1134 4765 mori.
1200 4712 1241 4765 27.
1258 4716 1360 4777 quaerit.
