3450 5667
496 723 732 784 eruimur
767 723 847 784 ΗΒ.
876 725 904 784 Ῑ.
933 723 982 782 vii.

191 885 314 950 Durus
327 885 425 950 homo
439 890 538 968 etque
552 883 627 950 odio
642 883 698 969 qui
711 891 818 970 posset
832 885 959 952 vincere
973 887 1108 972 Regem,

193 995 375 1061 Coufidens
389 995 610 1079 tumidusque,
625 995 705 1060 adeo
719 997 876 1061 sermonis
889 997 1002 1077 umeri,

194 1107 365 1186 Sisennns,
380 1105 500 1170 Barros
514 1113 553 1170 ut
566 1105 657 1188 equis
670 1114 880 1190 precurreret
893 1106 984 1172 albis.

196 1215 251 1279 Ad
267 1217 394 1300 Regem
408 1215 516 1280 redeo.
560 1216 740 1298 Postquam
753 1215 835 1279 nihil
849 1216 1124 1302 interuque

148 1326 178 1387 lO
200 1325 363 1390 Convenit
371 1351 383 1404 ;
405 1326 467 1390 hoc
483 1325 604 1390 etenim
619 1332 696 1389 suut
709 1346 821 1389 omues
831 1327 905 1410 jure
919 1327 1057 1404 molesti,

201 1437 279 1504 Quo
293 1437 404 1515 fortes,
420 1435 538 1520 quibus
552 1435 720 1500 adversum
734 1435 855 1500 bellum
869 1435 1003 1501 incidit:
1025 1437 1111 1501 inter

205 1548 350 1612 Hectore
362 1546 546 1611 Priamiden
561 1546 742 1610 animosum
757 1555 854 1630 etque
867 1547 953 1612 inter
965 1547 1128 1612 Achillem

204 1657 259 1720 Ira
271 1657 337 1720 fuit
350 1655 502 1743 capitalis,
518 1663 557 1720 ut
571 1656 687 1720 ultima
700 1655 854 1721 divideret
869 1677 966 1736 mors,

205 1767 282 1830 Non
298 1768 392 1832 alium
407 1767 449 1831 ob
464 1787 604 1844 eausam,
620 1765 682 1830 nisi
698 1766 784 1850 quod
798 1765 902 1830 virtus
914 1767 950 1829 in
963 1774 1101 1850 utroque

149 1877 185 1936 lu
207 1877 343 1941 Summa
355 1877 416 1941 fuit
431 1903 442 1956 ;
464 1875 529 1942 duo
544 1877 571 1940 si
586 1875 744 1940 discordia
758 1883 850 1942 vexet
864 1877 985 1942 inertes

207 1988 275 2050 Aut
290 1987 318 2050 si
332 1986 509 2071 disparibus
524 1985 645 2051 bellum
660 1985 791 2065 ineidat,
807 1994 846 2050 ut
860 1987 1011 2052 Diomedi

209 2099 291 2162 Cum
306 2100 406 2184 Lycio
422 2099 557 2177 Glsuco,
573 2097 716 2163 discedst
729 2098 851 2182 pigrior
864 2099 951 2164 ultro

208 2209 396 2276 Muneribus
410 2211 526 2275 missis.
572 2211 677 2274 Bruto
691 2217 825 2296 pretore
839 2217 973 2278 tenente

211 2320 319 2385 Ditem
332 2321 454 2400 Asiam,
471 2320 582 2405 Rupili
597 2329 630 2384 et
645 2319 734 2384 Persi
748 2341 806 2404 per
819 2329 952 2406 pugnet,
966 2322 1017 2386 uti
1030 2343 1097 2386 nou

157 2431 193 2490 20
212 2429 429 2516 compositum
442 2431 559 2494 melius
574 2451 649 2494 cum
664 2429 764 2494 Bitho
779 2431 950 2497 Bacchius.
995 2434 1039 2498 In
1048 2434 1105 2516 jus

212 2543 308 2606 Acres
322 2549 525 2628 procummt,
540 2563 695 2626 maguum
710 2542 927 2627 spectaculum
941 2549 1086 2626 uterque.

215 2649 339 2714 Persius
352 2649 485 2736 exponit
498 2670 627 2714 causum
638 2674 649 2729 3
672 2648 795 2713 ridetur
810 2649 850 2714 ab
865 2650 955 2714 omni

217 2761 397 2829 Conventu:
419 2763 532 2827 laudet
545 2763 687 2826 Brutum
701 2761 875 2846 laudatque
889 2761 1065 2840 cohortem,

218 2873 319 2938 Solem
332 2875 418 2940 Asiae
429 2875 570 2938 Brutum
585 2873 733 2958 appellet,
748 2873 919 2956 stellasque
932 2872 1076 2936 salubres

167 2981 200 3041 25
219 2983 358 3066 Appellat
371 2983 516 3062 comites,
530 2991 662 3068 excepto
678 2984 789 3066 Bege:
813 2983 937 3048 Canem
950 2983 1054 3062 illum,

221 3092 354 3158 Invisum
370 3093 518 3179 agricolis
531 3093 631 3174 sidus,
645 3093 789 3173 venisse;
811 3093 926 3159 ruebat

221 3201 347 3268 Flumen
360 3214 398 3269 ut
411 3204 594 3283 hibernum,
609 3203 712 3268 ferun
727 3224 789 3287 quo
802 3225 876 3268 rere
888 3203 1019 3270 securris.

223 3311 296 3378 'lium
310 3315 527 3380 Prenestiuus
541 3313 625 3378 salso
638 3313 806 3400 multoque
820 3314 935 3379 fluenti

223 3419 367 3506 Expresso
381 3425 512 3489 arbusto
526 3423 645 3508 regerit
660 3423 812 3503 convicia,
827 3423 928 3489 diuus

175 3525 209 3588 30
226 3529 435 3599 vindemiator
448 3542 482 3598 et
495 3533 644 3613 invictus,
660 3517 713 3598 cui
727 3555 811 3620 sepe
824 3535 928 3599 vietor

226 3639 366 3710 Cessimet
381 3665 498 3728 magus
512 3645 705 3730 compellens
719 3665 796 3710 voce
810 3645 971 3710 cuculum.
1155 3687 1210 3718 m.
1220 3675 1241 3718 s,
1250 3677 1270 3718 2.
1279 3678 1299 3717 s.
1308 3675 1347 3716 nr

226 3751 265 3812 Al
278 3754 417 3834 Graecus,
433 3761 601 3839 postquem
617 3762 666 3818 est
682 3755 767 3820 Italo
781 3755 928 3840 perimus
942 3764 1042 3831 coeto,

228 3859 342 3930 Persius
355 3865 531 3930 exclamet:
555 3866 619 3930 Per
633 3887 776 3950 magnos,
792 3867 905 3946 Brute,
920 3867 996 3932 deos
1009 3876 1045 3932 te

228 3969 292 4051 Oro,
306 3977 362 4060 qui
375 3997 466 4060 reges
481 3977 642 4040 consueris
653 3977 775 4056 tollere,
791 3997 849 4040 cur
863 3999 930 4041 non

182 4073 313 4150 35Hunc
334 4087 457 4170 Regem
479 4085 633 4170 jugules?
671 4089 814 4174 Operum
839 4087 911 4168 hoc,
937 4089 1018 4152 mihi
1041 4090 1143 4167 crede,

321 4205 453 4262 tuorum
468 4207 529 4262 est.

259 4343 294 4395 ³1.
303 4347 440 4398 mcnllmn.
508 4347 550 4398 82.
563 4345 576 4400 ἲ
587 4349 761 4412 postquemst.
827 4347 869 4398 85.
882 4347 895 4400 l
906 4349 1046 4398 lucrumst
