3450 5667
300 741 357 801 173

696 737 729 812 o.
750 737 908 796 noum
923 736 1070 796 mcor

302 948 344 980 m.
355 937 379 980 o.
389 937 407 980 ι,
417 939 449 980 sc.
460 937 491 978 lo.
514 903 677 969 Quorsum
692 901 834 967 abeant?
880 901 981 966 Senin
995 909 1083 966 creta
1097 923 1140 966 an
1153 902 1291 968 carbone
1304 901 1468 968 notandi?

513 1015 685 1078 AEdificare
699 1034 797 1092 casm,
813 1013 960 1098 plostello
974 1013 1148 1097 adjungere
1163 1035 1281 1092 mures,

514 1124 640 1188 Ludere
654 1146 712 1208 par
724 1124 837 1208 imper,
853 1123 998 1207 equitare
1011 1123 1047 1186 in
1061 1123 1216 1187 arundine
1230 1125 1328 1207 longa

516 1235 551 1299 Si
565 1255 662 1318 quem
676 1234 814 1299 delectet
827 1233 1010 1312 barbatum,
1025 1234 1166 1298 amentia
1179 1243 1297 1299 verset.

515 1347 551 1410 Si
566 1345 1102 1431 pueriliushisratioesscevinoet
1115 1367 1233 1412 amare.
1443 1347 1512 1408 250
1636 1402 1637 1407 ,

514 1458 586 1522 Nec
601 1458 772 1542 quicquam
787 1456 927 1535 differre,
942 1463 1095 1520 unumne
1108 1457 1145 1520 in
1157 1458 1297 1541 pulvere,
1312 1456 1429 1520 trimus

515 1569 618 1636 Quale
632 1568 730 1652 prius,
745 1567 838 1632 ludas
852 1587 943 1651 opus,
958 1589 1001 1630 an
1014 1567 1193 1632 meretricis
1207 1589 1315 1632 amore

513 1679 678 1758 ¹Sollicitus
692 1679 796 1762 plores
804 1705 815 1756 3
838 1698 958 1761 quaero,
972 1678 1110 1742 faciasne
1125 1679 1210 1761 qnod
1223 1678 1302 1744 olim

304 1827 359 1860 nor.
369 1815 395 1857 u.
405 1817 424 1858 1.
435 1817 453 1858 r.
463 1818 496 1862 ss.
513 1790 663 1854 Mutatus
678 1789 857 1855 Polemon?
871 1810 971 1872 ponas
984 1788 1123 1872 insignis
1135 1789 1250 1868 morbi,

303 1933 350 1976 est.
361 1933 382 1976 Β.
391 1935 411 1976 t.
421 1934 440 1974 t
450 1933 481 1974 39.

304 2159 474 2212 mutatu

514 1901 684 1978 Fasciolas,
699 1899 832 1978 cubitel,
847 1898 971 1978 focalia,
985 1907 1082 1983 potus
1095 1900 1202 1964 utillo
1443 1901 1511 1962 255

514 2012 643 2076 Dicitur
658 2032 697 2074 ex
712 2009 793 2074 collo
808 2010 923 2074 furtim
938 2010 1090 2094 carpsisse
1104 2031 1250 2089 coronas,

514 2123 690 2204 Postquam
704 2127 754 2184 est
767 2119 922 2203 impransi
935 2127 1099 2204 correptus
1112 2141 1190 2185 voce
1202 2120 1373 2204 magistri?

515 2231 655 2314 Porrigis
668 2231 751 2296 irato
765 2251 865 2314 puero
880 2251 954 2296 cum
968 2251 1073 2314 pomo,
1088 2239 1235 2296 recusat:

516 2345 625 2420 Sume,
641 2341 775 2420 cutelle3
797 2350 916 2425 negat:
939 2341 1049 2406 sinon
1062 2341 1129 2421 des,
1144 2350 1254 2426 optet:
1277 2349 1402 2407 amator

514 2453 670 2517 Exclusus
685 2452 742 2536 qui
755 2451 864 2530 distat,
879 2453 947 2535 agit
959 2451 1017 2516 ubi
1031 2473 1150 2532 secum,
1164 2461 1217 2518 cat
1231 2475 1272 2518 sn
1286 2474 1363 2532 non,
1444 2457 1514 2518 260

515 2565 590 2630 Quo
604 2563 764 2628 rediturus
778 2571 847 2628 erat
861 2583 928 2626 non
942 2563 1121 2642 aroessitus,
1136 2571 1170 2626 et
1183 2562 1285 2627 heret

515 2674 631 2739 Iuvisis
645 2673 792 2738 foribus?
836 2675 908 2738 Nec
922 2693 1018 2752 nunc,
1034 2694 1109 2738 cum
1123 2695 1176 2738 me
1188 2682 1283 2738 vocat
1297 2673 1394 2752 ultro,

514 2785 703 2849 Accedam?
725 2805 766 2847 an
781 2783 888 2866 potius
903 2784 1041 2848 mediter
1054 2785 1147 2848 finire
1161 2783 1309 2850 dolores?
1402 2782 1405 2786 ’

514 2895 660 2960 Exclusit
671 2921 681 2974 ς
704 2901 848 2958 revocat:
872 2894 1027 2958 redeam?
1070 2895 1158 2973 Non,
1173 2895 1201 2958 si
1214 2895 1368 2960 obsecret.
1411 2897 1499 2960 Ecce

421 3047 426 3056 ι
516 3008 632 3070 Servus
646 3026 713 3070 non
726 3005 822 3088 paulo
835 3005 1031 3088 sapientior:
1055 3006 1085 3070 Ο
1100 3026 1164 3085 ere,
1180 3027 1251 3089 qua
1264 3027 1315 3070 res
1445 3013 1513 3073 265

304 3816 482 3859 meddam

513 3116 586 3179 Nec
599 3114 733 3179 modum
747 3113 846 3178 habet
859 3134 964 3196 neque
978 3115 1157 3194 consilium,
1170 3117 1295 3182 ratione
1308 3118 1469 3202 modoque

514 3223 658 3288 'Praeteri
673 3245 738 3288 non
752 3225 832 3288 vult.
877 3225 922 3288 In
935 3245 1044 3289 amore
1057 3225 1127 3290 brec
1141 3236 1218 3292 suut
1232 3229 1326 3308 mals,
1341 3231 1475 3312 bellum,

514 3336 583 3401 Pax
596 3355 723 3398 rursum
738 3360 745 3399 :
768 3334 838 3399 haec
852 3335 880 3398 si
895 3335 967 3418 quis
980 3337 1180 3420 tempestatis
1193 3359 1290 3423 prope
1303 3341 1369 3404 ritu

514 3444 651 3509 Mobilis
665 3453 698 3510 et
713 3466 797 3510 caeca
810 3445 973 3510 fluitantia
985 3453 1071 3510 sorte
1086 3447 1208 3512 laboret

516 3554 661 3618 Reddere
677 3563 763 3618 certa
778 3553 860 3620 sibi:
883 3555 985 3619 nihilo
999 3555 1072 3640 plus
1085 3557 1222 3641 explicet
1236 3559 1315 3624 acsi
1446 3565 1517 3631 270

515 3665 662 3728 insanire
677 3673 767 3748 peret
782 3673 869 3730 certa
882 3665 1007 3730 ratione
1020 3667 1189 3752 modoque.

515 3775 627 3841 Quid?
642 3796 716 3840 cum
731 3775 859 3840 Picenis
873 3797 1043 3860 excerpens
1056 3780 1179 3843 semina
1192 3783 1295 3864 pomis

515 3885 654 3965 Gaudes,
670 3887 698 3949 si
712 3908 872 3950 cameram
885 3889 1025 3971 percusti
1038 3887 1133 3968 forte,
1148 3912 1246 3974 penes
1259 3901 1294 3958 te
1307 3898 1368 3961 es?

515 3995 628 4061 Quid?
651 4017 726 4060 cum
742 3996 834 4061 balba
848 3997 923 4062 feris
937 4019 1058 4063 annoso
1071 4001 1168 4064 verba
1181 4003 1299 4085 palato,

514 4107 706 4170 AEdifioante
722 4127 809 4171 cesus
825 4108 881 4191 qui
894 4109 1024 4172 sanior?
1067 4111 1162 4176 Adde
1176 4133 1322 4178 cruorem
1445 4125 1513 4188 275

514 4218 668 4281 Stultitiae
684 4226 780 4300 etque
794 4218 906 4302 ignem
919 4219 1026 4303 gladio
1039 4230 1192 4287 scrutare.
1236 4225 1349 4306 Modo,
1363 4228 1514 4315 inquam,

480 4373 485 4382 ·
514 4330 651 4394 Hellade
665 4352 814 4415 percussu
828 4331 954 4395 Marius
968 4353 1043 4396 cum
1057 4335 1295 4418 praecipitatae,

435 4471 437 4482 ¹
514 4445 658 4508 Cerritus
672 4444 761 4508 fuit?
784 4465 825 4508 un
840 4452 1009 4510 commotae
1024 4446 1158 4512 crimine
1171 4451 1290 4514 mentis

513 4643 687 4693 eraserint.
732 4643 788 4692 248.
801 4644 953 4702 humndine,
966 4645 1049 4692 mr.
1116 4648 1172 4697 254.
1185 4649 1297 4702 Polemo.
1357 4654 1415 4706 259.
1428 4663 1517 4720 optut,

933 4724 990 4772 265.
1008 4725 1079 4773 hcrc.
