3450 5667
480 765 766 826 EPISTOMRUM
781 767 859 825 ΠΒ.
890 767 919 826 Ι.
947 785 995 824 11.
1294 771 1352 826 229

190 929 362 1012 Ingennis
376 929 541 1012 oculisque
554 929 619 1012 legi
633 930 845 1013 manibusque
859 931 973 994 teneri.
1152 949 1197 1003 eq.
1208 951 1230 992 s.
1241 953 1260 992 1.
1271 953 1302 992 ιο.
1312 955 1344 994 ra

152 1047 163 1102 5
191 1041 290 1104 Scire
308 1040 397 1117 velis,
412 1061 485 1103 mea
499 1061 557 1103 cur
571 1041 716 1123 ingratus
730 1041 884 1124 opuscula
896 1043 997 1104 lector

193 1149 330 1213 Laudet
345 1157 495 1231 ametque
509 1149 608 1228 domi,
623 1159 748 1234 premat
762 1159 853 1214 extra
868 1151 966 1214 limen
983 1149 1138 1233 iniquus?
1151 1169 1180 1198 a
1195 1157 1220 1198 a.
1230 1158 1254 1198 (ἲ-
1264 1161 1284 1199 ³·
1293 1160 1352 1201 ssa

192 1264 278 1326 Non
293 1284 355 1345 ego
370 1269 510 1327 ventosae
524 1261 625 1346 plebis
640 1263 791 1346 suffragia
804 1285 903 1328 venor
1151 1274 1195 1324 u!-
1206 1273 1231 1312 ῑ-
1241 1275 1260 1314 2
1270 1276 1290 1313 2
1300 1275 1345 1315 Μ

196 1373 365 1455 impensis
380 1393 531 1436 cenarum
546 1381 580 1436 et
594 1374 681 1437 tritae
693 1395 828 1438 munere
842 1374 961 1452 vestis3

196 1481 279 1544 Non
295 1502 369 1564 ego,
383 1481 541 1545 nobilium
557 1483 749 1567 scriptorum
765 1482 893 1548 auditor
906 1492 940 1546 et
954 1485 1051 1562 ultor,

152 1595 176 1650 0
200 1592 442 1654 Grammaticos
456 1591 577 1655 ambire
592 1593 695 1656 tribus
710 1601 744 1657 et
757 1594 882 1676 pulpita
895 1592 1029 1676 dignor:

202 1699 294 1762 Hinc
310 1699 373 1764 illae
388 1701 537 1764 lacrimae.
582 1701 700 1784 Spissis
715 1701 848 1786 indigna
861 1703 997 1766 theatris

201 1811 334 1892 Scripta
347 1809 446 1892 pudet
460 1811 593 1874 recitare
607 1819 641 1873 et
655 1811 750 1894 nugis
765 1811 881 1875 sddere
895 1812 1030 1896 pondus,

204 1918 239 1980 Si
255 1919 345 1982 dixi:
369 1919 476 1996 Rides,
492 1919 548 1996 ait,
565 1927 598 1982 et
614 1920 702 1984 lovis
717 1921 847 1985 auribus
861 1923 924 1985 ista

205 2030 342 2105 Serras3
365 2029 437 2092 fidis
450 2030 538 2093 euim
553 2051 682 2095 manase
697 2032 823 2116 politica
836 2032 932 2096 mella

152 2143 183 2198 ³5
206 2137 250 2202 Te
265 2139 381 2216 solum,
397 2139 457 2202 tibi
472 2138 613 2222 pulcher.
658 2141 712 2204 Ad
727 2141 795 2205 haec
811 2162 872 2224 ego
885 2142 1017 2206 naribus
1030 2141 1080 2206 nti

206 2248 358 2312 Formido
372 2257 415 2327 et,
431 2249 583 2313 luctantis
598 2257 693 2314 acuto
707 2272 748 2314 ne
763 2271 851 2314 secer
865 2253 978 2334 ungui,

207 2359 363 2440 Displicet
377 2359 439 2423 iste
453 2359 552 2437 locus,
568 2359 682 2438 clamo,
698 2367 731 2424 et
746 2359 867 2424 diludia
881 2382 987 2444 posco.

208 2467 320 2530 Ludus
334 2469 418 2530 enim
435 2468 546 2550 genuit
561 2467 720 2552 trepidum
736 2479 899 2534 certamen
912 2471 1051 2550 stiram,

208 2577 263 2638 Ira
277 2586 383 2641 truces
397 2577 583 2642 inimicitias
597 2587 630 2640 et
644 2578 776 2643 timebre
791 2580 922 2644 bellum.
1151 2601 1229 2651 erec.
1239 2603 1257 2642 1.
1267 2603 1298 2642 ιο,
1310 2602 1343 2642 u.

604 2986 679 3050 XX.

212 3139 431 3202 l'saruuuuu
449 3140 471 3201 J
472 3158 644 3220 auumque,
660 3137 751 3216 liber,
767 3147 909 3222 spectare
927 3140 1052 3218 videris,
1068 3124 1075 3136 ’

214 3247 337 3312 Scilicet
349 3257 387 3312 ut
402 3255 524 3330 prostes
541 3248 704 3312 Sosiorum
719 3249 845 3332 pumice
861 3249 1010 3314 mu‘ndus.

193 3421 196 3430 ,
213 3355 312 3420 Odisti
327 3358 428 3421 claves
442 3365 475 3420 et
490 3366 581 3439 grata
595 3357 700 3440 sigilla
713 3359 828 3440 pudico
839 3385 849 3436 ;

212 3465 319 3530 Paucis
333 3467 456 3531 ostendi
472 3467 573 3549 gemis
588 3475 621 3530 et
636 3469 819 3532 communia
833 3468 954 3546 laudas,

179 3574 193 3632 5
215 3575 287 3638 Non
300 3577 346 3640 ita
359 3578 510 3640 nutritus.
556 3577 655 3660 Fuge,
673 3598 738 3660 quo
752 3577 942 3643 descendere
957 3580 1055 3662 gestis
1073 3605 1081 3644 ε

216 3685 285 3748 Nou
300 3665 360 3750 erit
375 3688 491 3750 emisso
505 3687 627 3751 reditus
642 3688 711 3751 tibi.
758 3689 846 3755 Quid
862 3691 956 3753 miser
976 3693 1054 3774 egil

216 3795 297 3859 Quid
312 3797 419 3860 volui?
443 3797 539 3875 dices,
556 3797 613 3862 ubi
628 3797 699 3880 quis
712 3806 745 3862 te
760 3799 897 3878 laeserit3
920 3807 953 3862 et
967 3801 1029 3865 seis

218 3903 253 3966 ln
266 3906 358 3972 breve
371 3917 405 3972 te
419 3909 501 3991 cogi,
518 3929 591 3972 cum
606 3909 718 3993 plenus
732 3909 864 3992 languet
878 3919 1010 3976 amator.

218 4013 305 4080 Quod
319 4019 345 4080 si
360 4039 424 4082 non
438 4019 512 4082 odio
526 4019 687 4101 peccantis
703 4019 817 4102 desipit
832 4041 943 4102 augur,

170 4121 200 4182 10
219 4125 311 4190 Carus
325 4129 385 4191 cris
402 4130 524 4206 Romae,
541 4129 641 4193 donec
656 4137 688 4192 te
703 4129 826 4192 deserat
842 4140 938 4208 aetas3

220 4233 435 4301 Contrectatus
449 4239 507 4301 nbi
521 4239 670 4302 manibus
684 4238 863 4302 sordescere
877 4240 962 4322 volgi
1154 4266 1317 4310 n.s.1.s.⁷s.

219 4345 358 4430 Coeperis,
374 4357 431 4414 ant
446 4349 549 4412 tineas
562 4369 672 4432 pasces
685 4349 866 4412 taciturnus
884 4351 1011 4426 inertes,
1114 4387 1117 4392 -

220 4455 280 4517 Aut
293 4457 394 4538 fugies
409 4457 540 4521 Uticam
556 4464 612 4520 aut
627 4457 753 4528 vinctus
767 4459 904 4522 mitteris
919 4459 1069 4523 Ilerdam.
1154 4493 1194 4536 ue.
1205 4493 1228 4533 ο,
1239 4494 1258 4534 2,
1268 4495 1300 4534 ω,
1310 4493 1342 4534 20,

221 4563 340 4630 Ridebit
355 4567 492 4632 monitor
506 4587 572 4631 nou
588 4567 765 4645 exauditus,
781 4577 818 4632 ut
832 4569 897 4646 ille,

301 4712 324 4764 7.
343 4715 393 4776 qni.
461 4717 501 4764 10.
521 4715 631 4796 deseret.
699 4716 738 4764 12.
757 4715 993 4768 ltiniaa...incrtis.
