3450 5667
487 768 723 826 SATIRARUJ!
761 769 840 827 ΜΒ.
870 771 917 828 11.
945 769 1003 826 nii

203 931 291 1009 Nos,
308 930 454 1014 inquam,
471 952 622 996 oeuumus
636 955 722 1014 aves,
735 934 915 1018 conchylis,
929 935 1041 1018 pisoes,

207 1043 329 1124 Longe
344 1041 532 1106 difflimilem
546 1055 625 1108 noto
639 1044 779 1110 oelnntin
793 1066 930 1122 suourn;

207 1153 257 1216 Ut
272 1153 327 1216 vel
342 1153 496 1218 continuo
510 1155 626 1237 patuit,
642 1176 717 1218 eum
732 1157 868 1239 pussais
881 1165 981 1239 etque

146 1267 164 1324 b
208 1265 386 1348 Ingustets
399 1265 480 1328 mihi
495 1277 677 1349 porrexerat
691 1267 748 1330 ilie
760 1267 900 1332 rhombi.

209 1377 289 1439 Post
303 1376 366 1440 boo
380 1397 434 1440 me
448 1375 557 1449 docuit
571 1377 733 1442 melimela
746 1377 862 1443 rubere
876 1379 1036 1442 minorem

210 1485 262 1550 Ad
276 1486 392 1550 lunum
407 1486 550 1552 delecte:
575 1489 729 1572 quidhoc
744 1489 884 1562 intersit.
899 1490 941 1554 eb
954 1491 1025 1573 ipso

208 1596 364 1660 Audieris
377 1598 503 1662 melius.
546 1599 632 1663 'l'utu
647 1599 799 1664 Vibidius
815 1600 1001 1664 Balatroni:

209 1707 282 1770 Nos
295 1708 360 1772 nisi
375 1708 527 1772 damnose
541 1703 691 1788 bibimus,
707 1711 884 1774 moriemur
895 1711 1012 1784 inulti;

147 1821 167 1879 5
210 1819 254 1881 Et
270 1819 385 1883 eslioes
399 1821 503 1903 poscit
517 1821 665 1902 majores.
710 1822 846 1884 Vertere
861 1821 964 1903 pellor
1136 1859 1171 1900 ss
1180 1849 1294 1902 liv-tn

211 1929 296 1993 'liun
311 1930 440 2013 parochi
454 1931 569 1995 faeiem
583 1932 628 1994 nil
644 1931 689 1994 sie
705 1931 879 1996 metuentis
892 1938 931 1994 ut
944 1951 1034 1994 aeres

212 2041 356 2118 Potores,
371 2039 422 2104 vel
437 2039 522 2123 quod
536 2040 733 2104 meledicunt
747 2041 879 2104 liberius
892 2041 943 2104 vel

213 2151 347 2214 Fervida
361 2151 447 2234 quod
461 2150 579 2216 subtile
593 2152 767 2216 exsurdant
781 2151 855 2216 vine
868 2151 1024 2236 polutum.

213 2261 384 2326 invertunt
398 2261 549 2326 Allifanis
563 2262 686 2326 vinaria
704 2270 776 2328 totu

146 2374 173 2432 lo
213 2371 362 2436 Vibidius
377 2372 583 2455 Balatroque,
598 2373 717 2436 secutis
730 2372 902 2451 omnibus;
925 2373 985 2436 imi
1135 2397 1184 2446 ιιι,
1193 2397 1218 2438 ι,
1228 2398 1247 2438 ι.
1257 2399 1282 2437 ts
1302 2399 1334 2438 io.

213 2483 362 2547 Convivae
376 2483 453 2548 lecti
467 2483 605 2546 nihilum
619 2505 758 2548 nocuere
771 2484 906 2567 lagenis.

213 2594 356 2657 Affertur
371 2594 502 2677 squillas
516 2594 601 2658 iuter
614 2615 759 2658 murtena
772 2603 922 2658 mantes

213 2705 254 2768 In
268 2705 379 2788 patine
392 2712 547 2788 porrecta.
592 2703 661 2768 Sub
675 2704 737 2768 hoe
756 2725 849 2768 erus:
876 2706 957 2768 Haeo
981 2705 1123 2788 gravido,

384 2815 502 2898 inquit,

215 2927 316 3010 Capto
328 2933 387 3005 est,
403 2926 543 2990 deterior
556 2933 628 3009 post
642 2934 771 3010 portum
785 2947 882 2990 earne
895 2926 1017 2990 future.

147 3037 175 3095 ιδ
217 3036 278 3098 His
292 3037 428 3100 mixtum
440 3037 495 3120 jus
509 3042 578 3100 est:
602 3035 686 3114 oleo,
702 3035 787 3119 quod
797 3035 904 3119 prime
916 3036 1051 3100 Venafri
1139 3064 1190 3107 n..
1199 3065 1221 3107 s.
1230 3068 1249 3107 ι,
1259 3069 1320 3108 ιω.

215 3150 335 3214 Pressit
348 3150 447 3228 oelle3
471 3171 549 3234 gero
563 3150 603 3214 de
617 3151 701 3214 sucis
715 3151 810 3234 piscis
826 3151 962 3229 Hiberi,

215 3261 300 3326 Vino
317 3261 521 3345 quinquenni,
536 3283 646 3326 verum
662 3261 743 3325 eitra
757 3281 845 3324 mere
860 3270 948 3340 nuto,

216 3373 304 3436 Dum
318 3373 599 3456 ooquitur-ooeto
613 3373 732 3438 Chium
746 3373 792 3438 sio
807 3374 966 3452 eonvenit,
981 3382 1019 3437 ut
1034 3396 1101 3437 non

217 3484 287 3548 Hoc
313 3485 414 3568 magis
439 3484 543 3548 ullum
569 3484 655 3548 eliud
665 3482 829 3568 3-pipere
854 3484 937 3563 elbo,
964 3505 1030 3548 non
1053 3486 1123 3554 sine

385 3603 485 3672 aoeto,

146 3703 179 3761 50
218 3705 311 3770 Quod
325 3705 579 3790 Methymnaeem
593 3705 672 3770 vitio
687 3705 859 3770 mutaverit
870 3727 977 3771 uvam.
1134 3737 1187 3776 aar.
1198 3735 1219 3775 s.
1228 3736 1248 3776 ι.
1257 3737 1276 3776 r.
1287 3739 1319 3777 se.

216 3816 333 3880 urucas
347 3816 473 3894 virides,
487 3815 592 3880 inulas
607 3837 666 3900 ego
680 3817 803 3900 primus
818 3838 942 3880 emeres
1134 3836 1179 3877 ιιι,
1190 3835 1211 3877 s.
1220 3837 1240 3877 ι.
1250 3838 1269 3876 2.
1279 3839 1311 3878 u

216 3926 392 3991 Monstravi
405 3929 597 4011 incoquere5
620 3927 741 3992 inlutos
756 3927 912 3992 Curtillus
926 3927 1066 4010 echinos,
1134 3953 1176 3992 rae.
1187 3951 1256 4003 eps.
1266 3953 1286 3993 ι.

216 4037 261 4100 Ut
274 4039 390 4102 melius
404 4037 510 4102 muria
523 4037 609 4121 quod
623 4045 707 4102 testa
722 4038 847 4101 marine
861 4039 1016 4104 remittet.

215 4147 342 4213 Interea
354 4169 506 4232 suspense
520 4169 631 4232 graves
646 4148 747 4212 eiilaea
761 4148 871 4214 ruinas

148 4255 180 4316 55
216 4257 254 4322 In
267 4259 410 4344 patinam
424 4259 539 4337 fecere,
554 4257 716 4322 trahentia
728 4257 867 4342 pulveris
881 4261 944 4324 etri

217 4371 381 4436 Quantum
395 4390 461 4434 non
475 4368 595 4452 Aquilo
611 4368 782 4452 Campanis
796 4370 914 4434 excitet
929 4370 1024 4452 egris,

216 4479 282 4546 Nos
297 4483 401 4565 majus
415 4481 518 4559 veriti,
535 4488 705 4565 postquem
719 4480 800 4544 nihil
816 4503 884 4546 esse
900 4482 1010 4564 pericli

214 4589 386 4669 Sensimus,
401 4590 556 4674 erigimur
569 4616 578 4668 ;
603 4589 708 4654 Rufus
723 4591 826 4674 posito
841 4591 954 4674 eapite,
970 4599 1009 4654 ut
1022 4591 1050 4653 si

326 4770 364 4816 43.
384 4769 468 4816 benis.
537 4767 577 4815 44.
597 4766 731 4828 beenlost.
800 4767 839 4814 53.
857 4779 945 4826 quum.
