3450 5667
577 738 864 797 uulsuoLAuUu
898 738 976 797 ΗΒ.
1006 739 1051 797 ΙΙ.
1079 738 1109 796 ii.

243 903 308 967 120
329 903 513 968 Vehemens
526 908 560 967 ct
574 902 715 986 liquidus
729 922 874 987 puroque
889 900 1070 966 simillimus
1084 901 1173 965 umni

329 1012 455 1078 Fundet
469 1033 545 1099 opes
559 1012 753 1097 Latiumque
766 1011 875 1079 beabit
889 1011 988 1077 divite
1001 1012 1113 1096 lingue
1125 1038 1136 1089 ;

329 1122 540 1188 Luxurientiu
553 1129 743 1207 compescet,
758 1121 855 1185 nimis
869 1141 980 1205 aspere
993 1142 1072 1185 seno

328 1231 463 1297 Iaevshit
477 1232 577 1311 cultu,
592 1232 712 1296 virtute
726 1230 871 1296 carentis
882 1230 985 1309 tollet,

330 1340 487 1407 Ludentis
501 1341 640 1427 speeiem
654 1341 744 1406 debit
758 1348 792 1407 et
805 1340 1017 1425 torquebitur,
1032 1348 1071 1406 ut
1086 1342 1141 1426 qui
1224 1423 1231 1430 ·

245 1454 307 1516 125
330 1452 430 1516 Nunc
445 1450 607 1536 Satyrum,
622 1472 709 1516 nune
724 1459 883 1535 agrestem
897 1452 1039 1536 Cyclope
1051 1460 1209 1518 movetur.
1253 1475 1296 1520 us·
1306 1468 1327 1510 Β.
1338 1470 1356 1510 1.
1366 1471 1385 1511 ὅ.
1395 1472 1427 1511 m

330 1560 532 1628 Proetulerim
546 1562 682 1647 scriptor
695 1562 814 1627 delirus
828 1562 977 1644 inersque
997 1562 1108 1640 videri,
1250 1585 1294 1627 su.
1303 1584 1330 1626 s„
1340 1584 1364 1627 s.
1374 1586 1419 1626 su.

330 1671 419 1735 Dum
433 1690 506 1735 mee
519 1669 679 1737 delectent
691 1670 776 1735 mals
789 1690 842 1735 me
855 1671 906 1735 vel
920 1669 1056 1756 denique
1070 1672 1194 1752 fallunt,

331 1780 441 1848 Quum
454 1798 564 1863 sapere
577 1789 609 1846 et
623 1781 717 1865 tingi.
762 1781 840 1847 Fuit
853 1780 941 1847 hund
955 1781 1105 1866 ignobilis
1118 1782 1227 1867 Argis,

332 1888 399 1954 Qui
413 1908 448 1953 se
463 1886 612 1953 credebat
624 1890 722 1955 miros
737 1888 847 1954 audire
860 1889 1032 1973 msgoedos,

246 2000 309 2062 130
331 1998 488 2063 Invscuo
501 1998 595 2063 letus
608 2018 709 2063 sessor
722 1999 914 2085 plausorque
927 2000 1076 2077 rhenum
1247 2027 1423 2079 picenus

330 2108 445 2173 Cetera
459 2108 515 2193 qui
529 2108 603 2175 vitre
617 2118 754 2175 servaret
767 2110 880 2174 munis
892 2116 981 2174 recto

330 2218 434 2297 More,
450 2218 555 2283 bonus
569 2238 646 2285 seue
659 2217 792 2299 vicinus,
808 2218 954 2285 smsbilis
967 2218 1093 2304 hospes,

329 2328 439 2395 comis
452 2329 488 2393 in
502 2349 645 2407 uxorem,
660 2334 768 2413 posset
783 2329 836 2411 qni
851 2330 1016 2414 ignoscere
1030 2330 1128 2395 servis
1252 2366 1296 2409 us·
1306 2353 1427 2397 sans.

330 2441 375 2507 nt
388 2440 481 2525 signo
495 2440 570 2505 laeso
583 2460 650 2503 non
664 2436 804 2503 insanire
816 2439 948 2524 legerim

244 2552 307 2615 135
330 2550 443 2616 Posset
457 2548 514 2634 qui
527 2570 640 2633 rupem
654 2555 688 2613 et
702 2554 836 2633 puteum
849 2549 949 2614 ritsre
963 2556 1139 2633 petentem.
1250 2576 1295 2620 ης.
1305 2566 1332 2608 s.
1344 2566 1367 2609 s.
1376 2568 1422 2608 us.

330 2660 397 2725 Hic
411 2658 468 2724 uhi
482 2664 693 2741 ouffletorum
708 2656 822 2741 opibus
836 2659 984 2743 curisque
997 2658 1137 2725 reiectus

328 2771 462 2856 Expulit
476 2770 615 2835 elleboro
629 2768 778 2835 morbum
792 2769 952 2853 bilemque
966 2792 1095 2839 meraco
1250 2780 1418 2823 vim-22⁸²·

327 2881 374 2945 Et
387 2880 471 2945 redit
485 2880 526 2945 sd
540 2900 627 2945 seses
650 2880 711 2945 Pol
725 2900 778 2944 me
791 2879 962 2959 occidistis,
978 2882 1085 2962 cmici,

208 3052 212 3057 .
312 2991 408 3085 ¹Non
421 2991 580 3069 servastis,
596 2989 653 3069 uit,
669 2989 721 3055 cui
736 2988 782 3055 sic
796 2995 922 3053 extorts
934 2991 1079 3077 voluptas

244 3104 307 3165 140
329 3102 373 3165 nt
386 3100 535 3186 demptus
548 3120 606 3185 per
619 3099 685 3165 vim
699 3098 817 3181 mentis
831 3097 1030 3182 gratissimus
1043 3120 1142 3167 error.

328 3211 494 3277 Nimirum
509 3230 619 3294 supere
633 3216 682 3273 est
697 3208 831 3291 abjectis
845 3208 927 3273 utile
941 3210 1035 3293 nugis
1249 3234 1301 3278 ιη.
1310 3222 1338 3267 n.
1347 3224 1366 3267 ι.
1377 3225 1395 3265 1.
1406 3226 1438 3266 ιο.

329 3322 374 3387 Et
389 3319 613 3405 tempestivum
627 3318 733 3404 pueris
748 3317 921 3383 concedere
940 3318 1063 3399 ludum,

328 3434 378 3497 Ac
392 3452 459 3496 non
471 3429 569 3495 verbs
583 3428 672 3513 sequi
688 3427 804 3493 fidibus
817 3427 1014 3494 modulanda
1027 3430 1164 3511 Latinis,

329 3541 394 3606 Sed
407 3560 489 3605 veroe
503 3559 716 3623 numerosque
730 3536 907 3623 modosque
920 3537 1059 3603 ediscere
1073 3540 1160 3606 vitre.
1249 3572 1286 3603 ns
1296 3572 1324 3602 ι
1333 3561 1448 3604 numu.

243 3654 305 3715 145
329 3650 491 3717 Quocires
502 3669 630 3713 mecum
644 3648 758 3731 loquor
769 3646 839 3711 hsec
853 3645 1035 3729 tacitusque
1048 3648 1213 3717 recordor:

329 3760 365 3825 Si
379 3758 440 3824 tibi
454 3758 543 3822 nulle
556 3758 644 3821 sitim
659 3756 766 3820 finiret
780 3754 872 3839 eopia
885 3754 1036 3840 lymphoe,
1249 3789 1293 3839 ¹⁴⁶·
1304 3788 1328 3832 c,
1337 3790 1357 3834 ι
1367 3791 1387 3833 2
1397 3790 1429 3833 1³,

327 3872 486 3937 Numeres
500 3868 631 3932 medicis
639 3892 650 3947 5
673 3864 769 3951 quod,
786 3874 907 3949 quuuto
921 3866 1013 3950 pluro
1026 3867 1156 3951 perssti,

242 3994 245 4000 '
327 3983 432 4047 Tanto
446 3980 540 4063 pluro
554 3977 655 4062 cupis,
669 3976 792 4041 nulline
805 3975 937 4039 faterier
950 3973 1074 4040 sudes?

328 4094 364 4158 Si
377 4092 493 4157 volnus
504 4087 565 4155 tibi
579 4094 756 4153 monstres
768 4086 875 4151 radice
889 4084 940 4149 vel
952 4085 1053 4151 herbe

242 4208 305 4271 150
326 4204 404 4269 Non
418 4204 508 4267 fieret
521 4199 633 4278 levius,
648 4198 774 4281 lugeres
788 4195 895 4261 rsdiee
908 4195 958 4261 vel
973 4196 1074 4261 herbe

327 4312 516 4379 Proficiente
530 4308 613 4374 nihil
627 4306 788 4373 curus-iem·
820 4306 991 4386 Audierss,
1011 4306 1065 4371 cui

327 4428 411 4492 Rem
425 4422 459 4487 di
474 4422 643 4499 donarent,
658 4417 705 4483 illi
720 4416 872 4481 decedere
886 4437 1019 4502 pravum

327 4532 528 4609 Stultitism3
551 4536 596 4607 ot,
612 4548 687 4593 cum
700 4525 744 4590 sis
758 4524 862 4590 nihilo
875 4524 1057 4610 sapientior,
1074 4544 1113 4589 ex
1128 4546 1192 4609 quo

339 4710 395 4759 120.
414 4708 552 4756 ivemens.
619 4698 675 4753 137.
693 4700 831 4750 helleboro.
899 4698 956 4747 141.
974 4696 1126 4761 inspexerit.
