3450 5667
497 755 783 814 EPISTOLARUH
819 758 897 816 LIB.
925 760 954 818 1.
984 759 1014 817 ii.

226 917 368 997 Tolletis,
383 917 477 983 fabri.
521 920 642 984 Lectus
656 920 790 1003 genialis
804 921 839 984 in
853 923 928 986 aula
940 931 1009 991 est:

227 1029 286 1092 Nil
300 1029 347 1092 ait
360 1050 429 1094 esse
443 1031 542 1114 prius,
559 1031 674 1095 melius
687 1032 734 1095 nil
749 1033 858 1098 calibe
872 1034 961 1112 vita3

229 1141 265 1204 Si
278 1163 346 1206 non
359 1151 419 1220 est,
431 1143 522 1226 jurat
535 1142 618 1207 bene
633 1142 943 1210 solisessemsritis.
1152 1141 1351 1238 *ἕξω

169 1255 208 1316 90
229 1252 302 1318 Quo
315 1260 442 1318 teneam
456 1254 566 1318 vultus
580 1261 762 1318 mutantem
776 1256 896 1320 Protea
907 1255 1020 1320 uodo?
1153 1267 1339 1310 Pratum

231 1363 317 1430 Quid
331 1364 475 1448 pauper?
498 1363 599 1428 Ride:
623 1371 730 1428 mutat
745 1366 907 1439 cenacula,
921 1366 1032 1446 lectos,

230 1475 360 1554 Balnea,
374 1484 530 1552 tonsoles,
547 1474 706 1540 conducto
721 1475 850 1559 navigio
864 1497 956 1560 reque

230 1586 372 1652 Nauseat
386 1607 423 1650 ac
436 1585 588 1670 locuples,
605 1607 701 1670 quem
715 1585 805 1650 ducit
818 1586 910 1670 priva
922 1588 1073 1652 triremis.

233 1697 267 1760 Si
280 1705 409 1761 curatus
422 1696 573 1780 inaequali
588 1703 714 1761 tonsore
730 1697 860 1781 capillos

177 1810 213 1868 95
234 1807 515 1885 Occurri,1idens;
538 1806 567 1869 si
581 1805 665 1870 sorte
680 1805 836 1870 subucula
849 1829 939 1892 pene

234 1919 319 1982 l'rita
332 1917 442 1982 subest
456 1917 575 1981 tunieae
588 1916 638 1980 vel
653 1916 681 1980 si
695 1927 772 2001 toga
785 1917 918 1984 dissidet
931 1899 1048 2003 impar,
1152 1939 1185 1988 st
1195 1937 1217 1977 ⁸·
1227 1937 1246 1977 ¹·
1254 1939 1275 1978 ³·
1284 1936 1317 1978 ³¹·

234 2029 345 2093 Rides:
368 2027 456 2112 quid,
473 2049 545 2092 mea
559 2049 634 2092 eum
649 2035 771 2112 pugnat
785 2030 946 2094 sententia
958 2051 1082 2104 mum.

236 2140 326 2206 Quod
339 2140 431 2224 petiit
445 2139 578 2224 spernit,
592 2140 709 2224 repetit
723 2139 810 2224 quod
823 2161 927 2225 nuper
940 2141 1060 2205 omisit.

235 2251 358 2314 AEstuat
372 2259 406 2315 et
419 2251 495 2314 rite
509 2249 710 2314 disconvenit
722 2250 834 2315 ordine
848 2259 930 2330 toto,

167 2365 218 2428 100
237 2366 348 2444 lliruit,
363 2365 510 2444 aedificst,
526 2371 632 2428 mutat
646 2363 802 2446 quadrata
814 2363 988 2428 rotundis?

236 2478 374 2542 insanire
388 2485 482 2562 putas
496 2477 664 2541 sollemnia
677 2497 729 2540 me
743 2497 847 2560 neque
861 2475 958 2555 rides,

236 2589 301 2654 Nee
316 2590 429 2654 medici
443 2589 546 2654 credis
561 2609 620 2652 nec
635 2587 791 2652 curatoris
805 2607 900 2670 egere

238 2703 265 2765 A
278 2711 408 2785 pretore
423 2701 501 2781 dati,
518 2721 625 2764 rerum
639 2699 742 2763 tutela
755 2719 902 2763 mearum

239 2811 313 2876 Cum
327 2813 371 2876 sis
384 2821 418 2876 et
431 2833 529 2896 prava
542 2819 667 2875 sectum
681 2807 891 2874 stomacheris
904 2807 946 2872 ob
960 2829 1103 2892 unguem

173 2920 221 2982 105
240 2922 329 2987 Dete
342 2923 520 3007 pendentis,
535 2930 568 2987 te
583 2919 780 3005 respicientia
794 2919 900 2984 amici.
1153 2931 1198 2972 ιώ·
1208 2928 1230 2970 ⁸1
1240 2929 1259 2970 1·
1267 2931 1288 2971 ⁸·
1298 2929 1343 2972 Β*

241 3033 287 3097 Ad
299 3057 475 3100 summam:
499 3033 625 3117 sapiens
639 3051 705 3096 uno
719 3031 825 3095 minor
838 3038 889 3094 est
903 3031 994 3110 Jove,
1010 3030 1107 3107 dives,

240 3145 537 3226 hiber,honorat11s,
553 3142 695 3228 pulcher,
710 3163 766 3206 rex
781 3141 919 3224 denique
932 3161 1066 3224 regum

241 3257 393 3343 Praeupue
408 3279 516 3337 sanus,
531 3255 595 3321 nisi
610 3275 684 3320 cum
698 3253 817 3338 pituita
831 3253 967 3316 molesta
980 3259 1041 3316 est.
1150 3277 1193 3327 pu.
1203 3275 1225 3318 s.
1234 3275 1254 3316 a
1263 3275 1283 3315 a.
1292 3275 1326 3318 aa.

620 3643 670 3706 11.

242 3796 376 3864 'laesam
391 3797 467 3862 belli
481 3793 681 3878 scriptorem,
696 3787 834 3854 maxime
849 3787 944 3864 Lolli,

242 3909 318 3976 Dum
333 3921 371 3976 tu
384 3911 543 3975 declamas
558 3909 681 3984 Romae,
697 3906 860 3968 Praeneste
873 3899 995 3983 relegi3

243 4022 310 4102 Qui,
336 4021 413 4107 quid
438 4022 481 4085 sit
505 4018 687 4105 pulchrum,
713 4013 791 4098 quid
813 4020 921 4096 turpe,
948 4009 1025 4095 quid
1048 4009 1139 4084 utile,

362 4133 439 4218 quid
452 4153 530 4211 non,

243 4243 363 4310 Planius
377 4267 413 4310 ac
427 4245 542 4309 melius
558 4239 737 4326 Chrysippo
751 4244 784 4301 et
800 4237 957 4302 Crantore
971 4232 1060 4296 dicit.

195 4352 210 4411 5
244 4355 300 4420 Cur
312 4360 358 4422 ita
371 4355 571 4433 crediderim,
586 4351 649 4416 nisi
665 4349 742 4433 quid
756 4358 789 4412 te
804 4347 938 4425 detinet,
953 4342 1039 4408 audi.

245 4463 362 4546 Fabula,
378 4486 441 4549 qua
456 4461 582 4529 Paridis
597 4465 727 4545 propter
741 4464 890 4520 narratur
904 4471 1047 4539 amorem

245 4577 357 4644 (lraecia
370 4575 534 4642 Barbariae
548 4573 636 4637 lento
651 4569 761 4634 collisa
775 4566 892 4644 duello,

194 4741 224 4791 tt.
237 4745 338 4800 laulast.
403 4750 444 4798 ot
463 4749 589 4797 cunutus.
659 4741 714 4790 10&
733 4737 899 4788 lmolestust.
924 4763 941 4785 .
967 4733 991 4779 4.
1008 4730 1118 4792 plenius.
