3450 5667
507 676 747 735 SATIRARUM
776 679 855 738 LIB.
884 680 930 737 II.
952 680 982 736 ii.

164 845 190 902 »5
234 839 381 924 Occupat
393 839 571 906 humanam
585 867 592 906 :
616 841 751 924 grandes
765 841 895 907 rhombi
908 844 1090 926 pstinoeque

234 951 367 1015 Grande
380 951 490 1017 ierunt
504 973 572 1016 uns
586 973 661 1016 cum
676 952 794 1017 damno
809 953 969 1032 dedecus3
993 953 1075 1018 adde

234 1061 362 1126 Iratum
376 1070 540 1145 patruum,
556 1063 687 1141 ricinos,
703 1071 738 1127 te
752 1063 813 1128 tibi
827 1063 977 1146 iniquum
1160 1069 1211 1120 W·
1222 1069 1246 1159 ἓ
1255 1071 1275 1160 {3
1284 1071 1346 1160 223}

234 1171 278 1235 Et
293 1171 413 1236 flustra
426 1174 541 1238 mortis
556 1173 720 1257 cupidum,
737 1195 811 1238 cum
827 1173 929 1238 deerit
943 1175 1052 1257 egenti

236 1287 292 1362 As,
308 1285 413 1369 laquei
427 1286 579 1369 pretium.
624 1283 645 1348 J
646 1305 714 1363 ure,
729 1285 846 1369 inquit,
862 1286 1016 1348 Tmusius
1035 1285 1107 1348 istis

164 1394 217 1454 100
239 1395 397 1478 surgatur
410 1397 538 1475 verbis3
561 1417 621 1479 ego
636 1396 803 1480 vectigalis
817 1417 936 1478 magns
1163 1427 1207 1458 m.
1217 1416 1270 1458 cs.
1281 1418 1312 1458 lt.
1322 1419 1354 1459 so.

237 1505 433 1588 Divitissque
446 1506 552 1570 hsbeo
567 1507 670 1570 tribus
685 1507 806 1590 amplus
821 1507 961 1589 regibus.
1006 1507 1104 1590 Ergo,

241 1615 333 1680 Quod
348 1623 476 1699 superat
491 1638 557 1680 non
572 1625 622 1681 est
635 1617 751 1681 melius
766 1638 830 1700 quo
844 1617 1007 1682 insumere
1021 1618 1148 1702 possis?

239 1726 303 1789 Cur
316 1735 389 1810 eget
403 1727 556 1811 indignus
571 1729 741 1810 quisquam
756 1735 788 1791 te
804 1728 929 1792 divite?
953 1750 1052 1812 quare

241 1835 367 1920 Templa
380 1846 479 1900 ruunt
495 1838 629 1922 antiqua
642 1838 738 1902 deum
751 1838 766 1900 ?
789 1858 856 1915 cur,
873 1838 1029 1922 improbe,
1045 1859 1126 1903 esrae
1163 1874 1207 1914 ιο..
1217 1861 1242 1902 c.
1252 1865 1271 1903 s.
1280 1864 1300 1903 s.
1309 1863 1329 1904 s.

169 1945 219 2004 105
239 1946 312 2009 Non
327 1947 445 2031 aliquid
457 1949 569 2031 putriae
583 1956 676 2012 tanto
690 1949 832 2012 emetiris
846 1950 984 2014 acervo?
1162 1971 1209 2052 ζει·
1217 1963 1269 2051 ⁰3³l
1280 1965 1351 2052 2¹13-

243 2061 305 2124 Uni
318 2061 470 2126 nimirum
483 2071 571 2126 reete
585 2063 646 2126 tibi
660 2084 785 2146 semper
799 2071 896 2126 erunt
909 2084 971 2126 res.
1209 2044 1214 2053 ⁴
1241 2044 1246 2052 ⁴
1270 2045 1275 2053 ¹
1300 2043 1305 2054 ’
1340 2043 1347 2055 ’

242 2170 268 2234 0
283 2192 416 2255 mugnus
430 2172 562 2256 posthac
575 2171 714 2235 inimicis
729 2171 833 2236 risus!
881 2174 1007 2238 Uterne

240 2280 289 2344 Ad
302 2303 392 2346 casus
406 2282 520 2346 dubios
535 2282 613 2348 fidet
627 2282 688 2346 sibi
703 2283 848 2347 certius?
872 2283 926 2347 hic
942 2283 1001 2368 qui

242 2391 384 2458 Pluribus
398 2393 539 2457 adsuerit
553 2401 696 2457 mentem
713 2414 890 2477 corpusque
904 2393 1088 2477 superbum,

176 2499 225 2561 110
243 2501 290 2564 An
304 2503 356 2586 qui
370 2511 540 2568 contentus
554 2525 651 2588 parvo
664 2505 876 2587 metuensque
889 2503 1002 2583 futuri,

246 2613 282 2674 In
294 2635 366 2697 pace
381 2623 416 2679 ut
430 2615 556 2700 sapiens
570 2613 687 2698 aptarit
701 2613 817 2678 idonee
830 2613 942 2677 bellot

283 2833 351 2901 Quo
376 2835 477 2918 magis
501 2834 552 2898 his
578 2833 698 2914 credss,
724 2856 804 2918 puer
828 2833 917 2898 hunc
943 2854 1003 2918 ego
1029 2854 1143 2918 parvus

362 2945 501 3010 Ofellam

247 3051 371 3137 Integris
385 3055 498 3138 opibus
512 3053 588 3118 novi
602 3075 668 3118 non
682 3053 779 3118 latius
795 3075 890 3118 usum

248 3159 341 3227 Quum
354 3185 440 3229 nune
455 3164 576 3228 accisis.
622 3165 742 3229 Videas
757 3172 878 3228 metato
893 3164 927 3228 in
942 3164 1045 3248 agello

186 3263 230 3328 115
249 3271 318 3336 Cum
332 3297 440 3358 pecore
456 3283 489 3339 et
504 3275 610 3358 gnatis
624 3275 740 3338 fortem
755 3275 901 3339 mercede
917 3276 1086 3339 colonum:

250 3377 314 3446 Nou
327 3405 392 3467 ego,
409 3393 604 3460 narrantem,
619 3391 740 3448 temere
754 3383 806 3448 edi
821 3385 892 3448 luce
905 3384 1045 3468 profesta
1151 3425 1203 3466 m.
1214 3414 1237 3455 c.
1248 3415 1267 3456 s
1278 3413 1308 3455 ιε.
1319 3413 1352 3456 ss.

248 3489 412 3576 Quicquam
427 3501 545 3580 praeter
559 3494 629 3558 olus
644 3495 778 3559 fumosoe
795 3516 869 3559 cum
883 3494 964 3579 pede
979 3517 1097 3580 pernae.
1228 3545 1234 3556 .

247 3599 284 3662 At
297 3605 370 3668 mihi
385 3627 441 3670 seu
456 3606 590 3688 longum
604 3613 677 3690 post
691 3613 819 3690 tempus
834 3614 965 3670 venerat
980 3607 1097 3690 hospes

248 3710 309 3777 Sive
321 3737 450 3800 operum
465 3738 565 3780 vecuo
580 3725 690 3800 gratus
705 3717 837 3781 convive
850 3738 909 3800 per
922 3705 1060 3780 imbrem

187 3811 232 3874 120
248 3819 375 3904 Vicinus,
390 3827 473 3891 bene
489 3833 558 3890 erat
571 3848 637 3891 non
652 3827 791 3911 piscibus
806 3827 887 3891 urbe
901 3827 1010 3911 petitis

249 3929 300 3994 Sed
311 3937 393 4018 pullo
409 3945 506 4020 atque
521 3937 634 4016 haed03
657 3945 729 4001 tum
744 3938 873 4020 pensilis
888 3959 950 4001 uvs
964 3937 1118 4002 semmdss

248 4037 282 4102 Et
293 4064 351 4109 nur
367 4048 502 4111 ornabat
517 4068 642 4111 mensus
657 4069 732 4110 cum
747 4047 873 4131 duplice
892 4048 964 4112 ficu.

248 4148 311 4218 Post
325 4156 383 4222 hoe
396 4157 493 4222 ludus
508 4165 577 4221 eret
592 4158 686 4242 eulpa
699 4165 808 4242 potere
823 4158 986 4242 magistre,

247 4261 286 4324 Ae
298 4278 439 4334 venerata
454 4269 563 4348 Ceres,
578 4269 626 4332 its
639 4270 745 4334 culmo
760 4277 905 4354 surgeret
920 4271 996 4347 alto,
1356 4337 1360 4344 .

191 4358 231 4423 ¹25
248 4369 388 4458 Explicuit
402 4380 478 4444 vino
493 4363 665 4444 contracte
680 4379 761 4444 seris
774 4381 900 4446 frontis.
1154 4425 1197 4468 ης,
1208 4416 1232 4458 ο,
1242 4417 1260 4457 ³,
1271 4417 1303 4458 m.
1314 4417 1345 4459 η,

249 4477 344 4550 Sedet
358 4497 455 4572 atque
470 4508 569 4553 novos
584 4496 710 4552 moveat
725 4489 855 4554 fortune
869 4488 1051 4554 tumultus:

549 4647 590 4698 95.
608 4653 725 4712 occupet.
