3450 5667
589 802 757 860 EPODON
796 803 884 861 VIII.

218 966 279 1030 Sed
289 973 341 1046 ut,
355 965 540 1030 seeundum
554 975 629 1030 voto
643 966 845 1045 Parthorum,
861 988 919 1031 sus

147 1078 179 1139 10
257 1076 345 1141 Urbs
358 1076 435 1141 haeo
448 1077 568 1161 periret
582 1076 740 1141 dextere?

216 1186 329 1270 Neque
342 1186 400 1251 hic
414 1188 501 1271 lupis
516 1209 597 1265 mos,
612 1208 672 1251 nee
685 1188 748 1251 fuit
761 1187 920 1266 leonibus,

257 1298 439 1383 Umquam,
454 1298 517 1362 nisi
531 1299 566 1361 in
580 1298 696 1383 disper,
711 1300 798 1363 feris.

219 1409 359 1473 Furorne
373 1430 493 1488 mens,
508 1431 550 1472 sn
565 1410 648 1493 rupit
661 1410 708 1472 vis
723 1408 851 1473 aerior?

260 1519 314 1580 An
326 1518 452 1603 eulpa?
472 1540 662 1603 responsum
675 1519 805 1584 dete.-

152 1626 184 1685 15
222 1626 359 1705 'laeent3
384 1636 420 1692 et
434 1629 527 1693 albus
541 1649 598 1693 ors
610 1629 711 1712 pellor
724 1630 838 1708 inficit,

263 1737 458 1821 Montesque
471 1740 625 1823 perculsae
639 1747 781 1824 stupent.

225 1845 276 1910 Sic
288 1856 355 1925 est;
379 1850 497 1913 soerbs
509 1849 577 1913 fata
591 1850 753 1915 Romanos
767 1858 879 1935 agunt,

265 1958 439 2042 Soelusque
451 1959 601 2025 fi’oternae
614 1962 712 2040 necis,

227 2066 272 2130 Ut
283 2067 483 2134 immerentis
496 2070 589 2134 fluxit
602 2071 638 2135 in
652 2079 771 2136 terrum
787 2072 882 2136 Remi

157 2176 192 2234 20
267 2178 362 2243 Ssoer
374 2181 544 2266 nepotibus
558 2202 662 2247 cruor.

581 2466 682 2531 VIII.

232 2583 365 2649 Ιίοοηι
379 2588 475 2672 longo
487 2573 635 2673 putidam
648 2596 683 2651 te
697 2588 825 2667 saeculo,

270 2698 361 2763 Vires
375 2701 452 2784 quid
466 2710 596 2767 enervet
610 2700 723 2765 meas?

234 2808 337 2873 Quum
350 2812 394 2874 sit
407 2812 466 2877 tibi
480 2812 559 2877 dens
574 2820 653 2889 ster,
668 2818 701 2875 et
714 2812 802 2895 mgis
815 2818 906 2876 vetus

272 2923 420 2990 Frontem
433 2934 580 2991 senectus
594 2934 703 2991 exuret
714 2951 724 3003 ;

186 3031 201 3088 5
237 3030 369 3117 llietque
381 3037 482 3120 turpis
494 3037 580 3101 inter
594 3036 697 3101 aridus
711 3043 802 3100 nates

275 3143 388 3223 eoeex,
402 3124 489 3211 velit
503 3145 610 3211 omne
624 3144 724 3210 bovis.

239 3255 296 3321 Sed
307 3258 416 3324 incitat
428 3282 481 3324 me
493 3268 617 3345 pectus,
631 3267 665 3324 et
678 3280 827 3324 mammae
840 3266 961 3343 putres,

274 3367 395 3451 equina
408 3371 515 3455 quoles
528 3370 646 3449 obem

238 3475 406 3563 venterque
419 3480 535 3560 mollis,
550 3488 584 3545 et
597 3480 702 3545 femur
715 3480 928 3561 tumentibus,

175 3579 206 3639 10
264 3586 361 3654 urile
372 3590 453 3652 suris
466 3588 622 3653 additum.

239 3696 310 3763 Esto
322 3700 422 3778 besta,
437 3700 535 3765 funus
549 3709 645 3783 utque
659 3700 815 3785 imagines

275 3808 397 3875 Duesut
409 3811 618 3896 triumphales
631 3819 726 3875 tuum
737 3839 748 3891 3

239 3914 302 3982 Nee
313 3921 354 3984 sit
365 3923 492 4001 murita,
506 3944 578 4005 que
592 3921 831 3987 rotundioribus

275 4030 393 4096 Onusta
405 4033 493 4097 bseis
507 4032 661 4097 ambulet.

177 4132 206 4192 15
240 4137 339 4205 Quid?
361 4144 445 4227 quod
458 4143 560 4208 libelli
575 4143 676 4207 Stoici
689 4144 775 4207 inter
788 4142 905 4208 sericos

277 4251 380 4317 Juoere
393 4253 543 4338 pulvillos
558 4259 685 4317 amant:

241 4358 400 4429 inlitterati
413 4386 494 4430 num
508 4364 617 4428 minus
629 4363 719 4429 nervi
732 4364 866 4447 rigent?

275 4471 415 4541 Minusve
428 4477 562 4561 languet
575 4474 757 4539 fascinum?

241 4580 324 4647 Quod
336 4595 373 4650 ut
385 4587 523 4672 superbo
536 4574 685 4671 provoces
699 4585 740 4649 ab
753 4584 898 4669 inguine,

180 4682 210 4743 ²⁰
277 4696 336 4762 ere
349 4697 590 4764 elaborandum
605 4704 654 4760 est
667 4695 738 4761 tibi.

435 4847 498 4887 vm.
516 4836 558 4885 20.
570 4834 582 4884 l
594 4833 819 4884 ullsborsndumst.
