3450 5667
489 768 710 829 ommis
743 770 823 829 m.
843 770 867 827 I
867 769 900 829 V.
923 786 969 827 xv.

173 928 203 987 25
271 928 319 993 Sio
329 928 515 995 tauriformis
529 929 669 995 volvitur
680 931 820 997 Aufidus

272 1039 329 1108 Qui
339 1061 434 1125 regns
446 1041 555 1106 Dauni
569 1042 709 1126 praefluit
722 1042 834 1127 Apuli,

306 1152 383 1215 Cum
396 1152 492 1231 sevit,
509 1152 766 1237 horrendamque
780 1153 876 1219 cultis

343 1261 497 1327 Diluviem
511 1262 688 1328 meditatur
701 1264 804 1348 agris:
896 1344 902 1353 ι

271 1397 313 1461 Ut
323 1396 523 1464 barbarorum
536 1398 693 1464 enodius
706 1398 838 1485 agmins

174 1504 206 1564 30
271 1507 387 1572 Ferrato
398 1516 487 1575 vasto
499 1509 600 1574 diruit
614 1510 750 1594 impetu,

306 1618 481 1702 Primusque
495 1626 529 1685 et
542 1628 704 1685 extremos
717 1619 870 1685 metendo

346 1730 460 1795 Stravit
473 1730 621 1810 humum,
636 1730 707 1801 sine
720 1730 810 1796 elude
823 1731 939 1811 victor,

272 1861 310 1925 le
322 1864 428 1948 oopus,
441 1874 477 1930 te
490 1866 660 1931 eonsilium
673 1874 708 1931 et
721 1875 796 1932 tuos

271 1972 421 2040 Praebente
433 1975 533 2040 divos.
577 1977 678 2055 Nam,
693 1976 755 2041 tibi
769 1998 834 2063 quo
847 1976 901 2041 die

176 2078 206 2139 35
307 2085 413 2151 Portus
424 2087 627 2153 Alexandrea
639 2089 773 2173 supplex

344 2196 386 2259 Et
397 2219 528 2263 vacuum
541 2198 694 2283 patefecit
708 2199 826 2279 amum,

272 2328 398 2396 Fortuna
408 2334 510 2399 lustro
521 2355 673 2420 prospera
685 2333 784 2399 tertio

273 2440 344 2506 Belli
354 2444 503 2510 secundos
516 2445 657 2511 reddidit
670 2445 787 2524 exitus,

308 2553 503 2641 laudemque
516 2564 551 2621 et
564 2562 712 2641 optatum
726 2554 865 2639 peractis

178 2656 209 2716 40
345 2665 488 2751 Imperiis
501 2666 598 2731 decus
614 2666 783 2750 arrogavit.

273 2796 312 2860 'le
324 2799 474 2867 Cantaber
485 2822 552 2866 non
565 2807 641 2865 ante
655 2800 838 2879 domabilis,

274 2905 445 2994 Medusque,
460 2919 493 2976 et
507 2910 621 2989 Indus,
636 2918 671 2975 te
683 2911 839 2996 prologus
854 2911 992 2997 Scythes

308 3018 447 3100 Miratur,
462 3043 483 3086 o
496 3021 601 3087 tutela
613 3042 751 3105 presens

346 3130 444 3197 ltaliae
458 3132 660 3214 dominaque
681 3133 813 3197 Romae:

179 3251 210 3309 45
274 3256 321 3337 l'e,
333 3260 462 3327 fontium
474 3262 534 3347 ,qui
547 3262 630 3327 uelat
643 3262 792 3347 origines,

272 3366 421 3456 Nilusque,
435 3380 469 3438 et
484 3374 607 3452 Hister,
622 3381 656 3438 te
670 3372 801 3458 rapidus
815 3373 931 3458 Tigris,

309 3479 348 3545 'lie
361 3484 504 3549 beluosus
518 3485 575 3569 qui
587 3486 719 3550 remotis

344 3594 505 3680 Obstrepit
519 3596 667 3661 Oeeunns
680 3595 864 3661 Britannis:

272 3723 310 3788 'le
321 3748 381 3794 non
393 3732 536 3816 paventis
549 3730 665 3795 funera
680 3730 794 3795 Gulliae

178 3826 208 3885 5⁰
272 3834 416 3925 Duraque
429 3842 525 3906 tellus
539 3840 630 3905 audit
647 3839 810 3919 Hiberiae3
1132 3870 1185 3915 no.
1195 3869 1248 3913 ui
1259 3870 1278 3913 o.
1287 3871 1321 3914 so.

305 3948 347 4012 'le
359 3950 442 4016 oaede
457 3950 633 4035 gaudentes
648 3949 818 4034 Sygambri
1132 3986 1184 4040 sn.
1194 3984 1219 4029 c.
1228 3988 1248 4029 s
1257 3985 1277 4027 s.
1287 3986 1319 4028 so.

343 4063 531 4148 Compositis
545 4070 740 4128 venerantur
754 4062 864 4127 armisc

588 4396 665 4460 XV.

270 4523 399 4595 Pnnnns
413 4530 574 4597 volentem
589 4528 703 4615 proell⁸
715 4549 768 4593 ¹²¹⁰
782 4528 871 4613 l⁰q¹¹i

270 4634 369 4705 victu
382 4650 414 4707 et
426 4640 534 4721 urbes,
549 4638 709 4725 inooepuit
722 4637 810 4724 lym:

428 4780 469 4829 28.
479 4777 624 4828 minitatur.
692 4774 734 4825 4⁰.
751 4774 828 4825 Inter.

1137 4592 1155 4622 r.
1166 4578 1190 4623 0.
1200 4579 1244 4624 Lo.
1254 4580 1285 4623 10.
