3450 5667
479 758 715 822 SAPIRARUM
748 757 829 820 nlo.
860 762 906 819 II.
935 777 963 818 v.
1276 764 1333 821 185

164 921 226 986 Sic
243 929 366 987 tamen
380 929 418 986 ut
431 921 519 986 limis
533 922 636 1006 rapias
651 922 729 1006 quid
744 923 848 1006 prima
862 921 1002 988 necundo

165 1035 260 1096 Cera
276 1033 358 1096 velit
372 1054 484 1111 vereu5
507 1033 594 1096 aolus
608 1033 760 1097 multisne
774 1033 916 1113 coheres,
1133 1045 1181 1088 a&
1206 1057 1227 1086 v·
1274 1075 1280 1086 ·

168 1144 299 1207 Veloci
315 1163 463 1227 percurre
478 1143 582 1208 oculo.
627 1143 822 1226 Plerumque
836 1151 982 1208 recoctus

171 1253 300 1316 Scriba
315 1274 354 1316 ex
369 1253 577 1336 quinqueviro
591 1273 720 1316 corvum
735 1252 866 1318 deludet
878 1253 1034 1331 hiantem,

176 1363 406 1446 Captatorque
420 1363 511 1426 dubit
524 1363 608 1426 risus
620 1363 738 1426 Nasica
753 1363 889 1428 Corano.

175 1473 278 1536 Num
294 1473 402 1536 furis?
424 1494 466 1535 an
480 1472 620 1557 prudeus
633 1473 717 1536 ludis
730 1494 783 1536 me
798 1473 933 1538 obscura
951 1473 1120 1538 canendo?

179 1584 210 1646 Ο
226 1583 415 1660 Ιιαὲιῐὶιιᾶθ,
431 1581 586 1666 quidquid
601 1582 705 1646 dicam
720 1591 777 1645 aut
791 1582 853 1646 erit
868 1593 1024 1648 autnon:

144 1695 160 1755 'd
180 1693 344 1756 Divinare
357 1693 476 1756 etenim
491 1714 628 1776 magnus
642 1693 721 1756 mihi
736 1693 834 1757 donat
848 1694 976 1777 Apollo.

184 1803 277 1869 Quid
295 1810 402 1866 tamen
416 1803 478 1865 ista
492 1803 569 1866 velit
583 1803 645 1866 sibi
659 1803 777 1881 fabula,
793 1805 820 1867 si
834 1805 920 1882 licet,
935 1804 1004 1869 ede.

184 1915 348 1997 Tempore
362 1913 562 1997 qnojureuis
577 1913 705 1977 Parthia
719 1913 906 1993 horrendus,
922 1916 962 1979 ab
976 1915 1043 1979 alto
1127 1937 1178 1987 jn.
1188 1935 1213 1976 c.
1223 1937 1243 2026 p
1252 1937 1316 2026 qq.

186 2025 376 2088 Demissnm
390 2045 492 2106 genus
507 2025 622 2101 AEnea,
638 2024 752 2088 tellure
766 2024 912 2107 marique
1278 2017 1284 2026 ⁴
1307 2015 1314 2028 ⁶

190 2135 338 2216 Mamur
351 2135 422 2212 erit,
438 2133 513 2197 forti
527 2133 628 2198 nubet
643 2155 772 2217 procera
787 2135 914 2200 Corano
1130 2156 1321 2208 sonoram

144 2247 165 2304 45
189 2245 276 2308 Filia
291 2245 427 2322 Nasicae,
443 2245 617 2308 metuentis
632 2243 762 2309 reddere
776 2245 913 2310 eoldum.
1136 2275 1186 2313 ue.
1196 2271 1220 2312 c.
1229 2273 1278 2313 ae
1288 2272 1308 2312 r.

191 2358 275 2420 Tum
293 2379 388 2440 gener
403 2357 464 2422 hoc
477 2357 594 2422 faciet:
618 2357 742 2422 tubulas
757 2377 866 2421 socero
879 2356 969 2421 dubit
983 2364 1080 2441 atquc

193 2469 243 2532 Ut
257 2469 346 2551 legat
359 2468 483 2532 orabit:
505 2469 645 2532 multum
659 2467 781 2531 Nasica
794 2475 926 2550 negatae

195 2579 343 2662 Accipiet
356 2579 487 2642 taudem
503 2586 536 2641 et
551 2578 668 2641 tacitus
682 2578 777 2661 leget,
793 2577 998 2660 invenietque

195 2688 254 2751 Nil
269 2689 333 2754 eibi
345 2689 488 2772 legatum
502 2697 618 2772 praeter
633 2689 754 2772 plorare
768 2689 908 2771 suisque.
1137 2715 1182 2767 910.
1193 2715 1214 2756 o.
1223 2715 1243 2756 1.
1253 2714 1284 2755 ro.
1293 2713 1327 2755 u.

144 2799 175 2858 ΐθ
196 2799 283 2862 ΠΙιιᾶ
297 2799 338 2862 ad
351 2799 417 2863 haeo
429 2799 549 2882 jubeo:
572 2797 688 2862 mulier
701 2798 728 2862 oi
743 2799 827 2862 forte
841 2798 952 2862 dolosa

198 2909 384 2973 Libertnave
398 2930 507 2973 senem
522 2907 658 2973 delirum
672 2916 838 2992 temperet,
852 2908 918 2971 illis

197 3018 340 3083 Accedes
353 3020 456 3084 socius
463 3043 474 3096 ;
496 3018 617 3098 lendes,
632 3019 771 3082 lauderis
786 3025 824 3081 ut
838 3017 972 3081 aboena:

201 3130 260 3212 Adj
266 3137 341 3193 urat
353 3130 413 3194 hoc
427 3151 564 3214 quoque,
580 3129 636 3193 sed
650 3129 749 3193 vincit
763 3128 858 3211 longe
872 3128 960 3212 prius
967 3128 1074 3211 ipsum

200 3240 387 3325 Expugnare
401 3248 508 3325 caput.
554 3239 680 3304 Scribet
695 3240 779 3303 mala
793 3239 935 3303 carmina
953 3259 1082 3302 vecors:

150 3351 184 3408 75
204 3349 357 3415 Laudato.
402 3353 567 3415 Scortator
581 3350 663 3414 erit:
687 3371 762 3428 cure
777 3355 810 3412 te
824 3356 917 3430 roget
930 3374 940 3426 ;
962 3347 1048 3411 ultro

205 3461 390 3545 Penelopam
403 3461 506 3525 facilia
519 3460 636 3545 potiori
652 3459 751 3523 trade.
796 3459 964 3523 Putasne?
1138 3457 1186 3507 Μ·
1192 3455 1278 3556 1⁰÷r³1⁶⁹
1284 3456 1316 3545 1²³2

205 3570 336 3634 Perduci
350 3571 464 3654 poterit
479 3579 547 3633 tam
562 3569 646 3652 frugi
662 3576 792 3651 tamque
807 3568 933 3652 pudice,
1136 3607 1186 3658 sn,
1197 3605 1223 3645 Β,
1233 3607 1252 3646 1⁸
1264 3606 1295 3644 η,
1305 3604 1338 3644 c.

207 3682 307 3747 Quam
323 3684 471 3767 nequiere
486 3682 575 3766 proci
589 3695 677 3745 recto
693 3679 849 3764 depellere
864 3681 985 3744 cursu?
1142 3705 1322 3758 p.c.o.1o.11.

207 3793 301 3856 Venit
316 3793 402 3856 enim
416 3813 569 3876 magnum
585 3790 724 3856 donandi
739 3811 834 3874 parca
845 3790 1009 3872 juventus,

156 3901 190 3960 80
208 3901 271 3966 Nec
285 3911 412 3966 tantum
426 3903 551 3967 veneris
567 3909 722 3984 quantum
738 3899 881 3963 studiosa
895 3900 1027 3964 oulinae:

208 4014 256 4076 Sic
270 4014 330 4079 tibi
348 4014 500 4096 Penelope
515 4011 601 4094 fingi
616 4019 673 4089 est,
690 4023 761 4094 quae
776 4009 801 4072 si
817 4010 915 4074 semel
935 4031 1001 4074 uno

208 4126 252 4188 De
266 4145 341 4189 sene
356 4125 492 4209 gustarit
507 4132 615 4188 tecum
630 4123 748 4207 pertita
761 4122 923 4199 lucellum,
1144 4147 1188 4188 ue.
1198 4142 1343 4197 ueneror

212 4237 254 4299 Ut
267 4235 356 4300 canis
371 4257 390 4298 a
404 4209 489 4299 corio
504 4255 680 4317 numquam
696 4232 928 4296 absterrebitur
941 4237 1050 4294 uncto.

211 4345 261 4410 lle
285 4367 360 4411 eene
386 4346 472 4428 quod
499 4344 604 4408 dicam
631 4344 754 4406 factum
780 4349 847 4408 eat:
881 4364 962 4406 anus
987 4337 1133 4422 improba

353 4455 470 4520 Thebis

163 4559 192 4622 85
210 4565 247 4630 Et
259 4575 452 4632 testamento
467 4565 513 4628 sic
528 4571 577 4628 eet
592 4565 693 4628 elato:
718 4563 850 4628 cadaver

398 4739 441 4786 81.
459 4737 587 4798 llrugiut.
654 4736 694 4782 84.
713 4734 872 4783 dsuetumat.
