3450 5667
581 704 804 763 CARMINUM
838 705 918 763 ΜΒ.
938 706 967 764 Ι.
988 704 1046 764 xri.

288 875 376 953 Heu,
391 873 458 938 heu
472 873 481 937 l
506 879 648 957 quantus
662 874 765 956 equis,
781 881 922 958 quantus
935 873 1028 940 mest
1041 875 1120 940 viris

195 991 239 1052 10
289 985 414 1052 Sudor!
440 991 562 1069 quantu
576 1005 683 1048 moves
698 984 812 1050 funera
825 985 987 1051 Dnrdunae

289 1097 412 1164 Genti!
439 1099 461 1162 J
462 1118 516 1160 am
531 1096 656 1180 galeam
672 1097 777 1161 Palles
793 1104 827 1162 et
841 1096 946 1180 aegidu

333 1211 522 1293 Currusque
536 1217 570 1272 et
584 1207 707 1272 rabiem
720 1215 824 1293 purat.

288 1343 510 1427 Nequiquam,
526 1341 663 1408 Veneris
677 1341 825 1428 praesidio
842 1342 944 1423 ferox,

293 1456 407 1518 Pectes
422 1453 596 1533 moriem,
610 1461 765 1537 gratoque
781 1453 911 1518 leminis

200 1570 243 1629 15
294 1564 426 1629 imbelli
441 1564 565 1628 cithara
578 1565 722 1628 carmine
735 1565 879 1645 divides;

336 1675 544 1760 Nequiquam
559 1675 702 1740 thalamo
716 1697 828 1760 graves

293 1811 415 1874 Hastes
429 1817 463 1874 et
477 1811 591 1875 calami
605 1811 729 1896 spiculo
743 1810 859 1877 Cnosii·

293 1921 435 2000 vitabis,
450 1921 692 2018 strepitumque,
708 1929 742 1986 et
756 1922 892 1987 celerem
906 1922 1000 2006 sequi

292 2033 450 2117 Ajacem
472 2039 593 2111 tamen,
607 2032 683 2110 hen,
700 2053 790 2097 serus
804 2032 968 2098 adulteros

199 2149 246 2210 20
338 2146 453 2210 Crines
466 2146 595 2231 pulvere
610 2146 751 2210 collinus.

294 2282 376 2346 Non
390 2282 592 2362 Lairtinden,
607 2283 742 2348 exitium
757 2291 824 2348 tute

296 2393 412 2472 Genti,
426 2414 493 2458 nou
507 2393 637 2478 Pylium
651 2395 793 2460 Nestore
806 2392 965 2479 respicis?

295 2505 426 2587 Urgent
439 2505 592 2589 impavidi
605 2513 640 2569 te
656 2505 851 2570 Salaminius

339 2616 462 2680 Teucer
476 2623 510 2680 et
525 2615 698 2681 Sthenelus
711 2617 813 2680 sciens

202 2758 245 2818 25
296 2752 433 2834 Pugnae,
447 2750 512 2815 eive
526 2772 607 2836 opus
621 2759 671 2815 est
685 2749 868 2834 imperitare
879 2751 979 2834 equis,

295 2862 377 2926 Non
391 2861 501 2945 surige
513 2861 625 2946 piger3
648 2861 820 2926 Merionen
835 2881 963 2946 quoque

293 2977 432 3040 Nosces.
473 2975 558 3040 Eooe
571 2974 652 3038 furit
664 2983 700 3040 te
712 2974 849 3060 reperire
864 2981 956 3040 atrox

340 3087 491 3172 Tydides,
507 3086 620 3152 mehor
633 3093 743 3171 patre:

296 3226 409 3292 Quem
422 3231 469 3302 tu,
485 3245 597 3289 cervus
610 3223 931 3288 utivnlhsinalteru
1224 3245 1390 3297 „eum

204 3337 249 3399 30
293 3334 417 3399 Visum
431 3341 522 3416 parte
536 3333 649 3418 lupum
663 3332 818 3417 gruminis
832 3332 1013 3412 immemor,

296 3444 440 3511 Sublimi
453 3443 557 3528 fugies
571 3443 678 3509 mollis
693 3443 849 3522 anhelitu,

340 3555 422 3620 Non
436 3555 496 3620 hoc
511 3555 672 3640 pollicitus
685 3561 761 3618 tun.

293 3689 460 3755 Iracundi
473 3689 561 3753 diem
574 3688 714 3774 proferet
728 3687 792 3752 llio

291 3800 522 3884 Matronisque
538 3799 705 3884 Phrygum
720 3797 829 3862 classis
843 3798 1003 3878 Achillei;

199 3917 243 3976 35
294 3913 381 3977 Post
395 3919 497 3974 certes
511 3909 635 3974 hiemes
649 3915 722 3972 uret
736 3907 898 3972 Achaious

340 4022 435 4104 Ignis
450 4021 566 4086 iliacas
581 4018 704 4084 domos.

667 4302 765 4368 XVI.

208 4517 218 4535 ·
340 4431 376 4495 Ο
394 4447 503 4492 uirus
520 4427 653 4512 pulchre
666 4427 732 4491 filis
745 4426 918 4512 pulchrior,

341 4541 453 4607 Quem
468 4538 646 4604 criminosis
661 4560 799 4624 eumque
813 4539 899 4604 voles
913 4539 1046 4605 modum

213 4704 238 4752 9.
259 4703 355 4752 Eheu.
426 4699 469 4748 21.
483 4699 620 4747 excidium.
685 4699 727 4746 22.
744 4699 839 4760 geniis.
907 4700 948 4747 24.
964 4699 1130 4758 Tcuoer,te;
1147 4699 1212 4748 'l'eu-

493 4769 643 4826 ocrqueot.
710 4765 750 4812 ³6.
769 4765 932 4827 Pergamena.

1116 4843 1171 4892 112
