3450 5667
219 1854 263 1972 (1.
309 1858 581 1966 11011111
632 1857 885 1966 Pulcer
938 1859 1263 1966 sellula

486 2231 661 2316 LIBER
718 2233 1025 2320 SECUNDUS.

723 2427 753 2492 1.

229 2545 311 2611 Suus
325 2548 441 2633 quibus
457 2549 494 2613 in
509 2549 608 2614 satira
620 2548 729 2613 videor
742 2547 840 2612 nimis
854 2569 927 2612 acer
941 2558 974 2612 et
988 2548 1074 2612 ultra

229 2657 338 2740 Legem
352 2662 486 2726 tendere
500 2682 600 2746 opus;
624 2659 692 2724 sine
707 2659 812 2724 nervis
827 2659 928 2723 altera
942 2660 1097 2744 quidquid

230 2766 389 2854 composui
402 2793 480 2856 pars
493 2793 561 2836 esse
575 2779 669 2856 putat
683 2771 865 2854 similesque
878 2793 1023 2836 meorum

231 2877 314 2944 Mille
328 2881 379 2946 die
393 2904 505 2948 ver-sus
519 2881 633 2946 deduci
647 2903 749 2966 posse.
793 2881 936 2960 Trebati,

198 2987 213 3046 5
232 2987 310 3054 Quid
322 2990 624 3078 faciampraesaribe.
649 2993 813 3060 Quiescas.
835 2993 890 3057 Ne
898 2992 1024 3072 faciam,
1033 2993 1152 3079 inquis,

232 3098 360 3167 Omnino
373 3105 510 3170 versus?
553 3104 627 3168 Aio.
672 3104 807 3169 Peream
821 3103 915 3181 male,
931 3103 960 3168 si
973 3126 1040 3168 uon
1162 3138 1213 3180 pa.
1223 3125 1245 3167 s.
1253 3126 1274 3168 ι.
1283 3127 1303 3167 ο.
1312 3127 1344 3166 aa.

235 3207 388 3290 Optimum
403 3219 495 3291 erat;
516 3232 629 3275 verum
643 3231 767 3294 nequeo
782 3210 931 3276 dormire.
976 3212 1039 3277 Ter
1052 3215 1143 3278 uncti

234 3313 421 3386 'l'ransnanto
434 3321 588 3398 Tiberim,
604 3341 716 3384 somno
731 3319 847 3404 quibus
861 3328 911 3385 est
925 3343 1005 3405 opus
1019 3324 1095 3403 alto,

236 3427 450 3517 Inignumque
465 3454 553 3496 mero
567 3431 626 3496 sub
641 3439 771 3495 noctem
786 3452 902 3516 corpus
914 3431 1065 3498 habento.

188 3535 219 3596 10
235 3539 304 3620 Ant,
318 3544 345 3606 si
358 3552 470 3609 tantus
485 3565 576 3608 amor
589 3543 749 3608 scribendi
763 3551 798 3607 te
811 3544 904 3628 rapit,
921 3545 1003 3610 ande

237 3649 357 3718 caseis
370 3655 482 3720 invicti
496 3675 547 3719 res
562 3653 676 3732 dicere,
692 3654 796 3718 multa
809 3653 956 3719 laborum

236 3758 357 3827 Praemia
370 3766 503 3830 laturus.
548 3763 720 3848 Cupidum,
736 3771 827 3848 pater
840 3765 970 3848 optime,
985 3766 1067 3833 vires

235 3869 404 3940 Deficiunt:
427 3873 633 3959 nequeenim
648 3873 752 3960 quivis
765 3872 929 3938 horrentia
943 3877 1015 3959 pilis
1167 3871 1339 3966 ’101ίῇ

236 3981 362 4065 Agmina
374 4008 433 4050 nce
447 3987 550 4050 {tacta
562 3993 732 4069 pereuntes
742 3985 876 4069 cuspide
892 3986 1002 4052 Gallos

190 4089 219 4151 15
237 4093 296 4158 Ant
308 4096 441 4162 labentis
455 4117 538 4180 equo
552 4095 710 4160 describat
723 4095 856 4160 vulnera
870 4097 993 4162 Parthi.

237 4204 376 4272 Attamen
390 4217 423 4273 et
433 4211 560 4293 justum
575 4215 700 4292 poteras
715 4215 749 4271 et
763 4207 900 4272 scribere
914 4210 1044 4291 fortem,

239 4315 403 4402 Scipiadam
416 4328 455 4383 ut
469 4319 594 4403 sapiens
610 4317 765 4382 Lucilius.
812 4317 911 4383 Haud
925 4321 1006 4383 mihi
1021 4321 1127 4401 deero,

239 4426 309 4493 Cum
321 4451 370 4494 res
382 4431 452 4516 ipsa
465 4431 567 4494 feret:
589 4427 652 4491 nisi
666 4427 778 4492 dextro
791 4436 944 4512 tempore,
961 4432 1069 4496 Flacci
1166 4433 1216 4476 ω·
1226 4433 1247 4478 ⁸·
1256 4433 1335 4478 Μ

237 4535 331 4604 Verba
343 4563 397 4627 per
411 4547 570 4604 attentam
585 4560 651 4604 non
664 4539 759 4603 ibunt
773 4540 909 4604 Caesaris
924 4562 1055 4623 aurem3

192 4645 224 4707 20
240 4647 292 4714 eui
304 4653 382 4717 male
396 4653 424 4716 si
436 4651 576 4736 palpem,
592 4649 771 4714 recalcitrat
786 4651 926 4734 undique
941 4659 1042 4717 tutus.

461 4787 484 4836 1.
502 4785 598 4835 videar.
664 4787 705 4836 15.
722 4787 854 4836 describit.
