3450 5667
365 725 421 784 rss
650 725 683 800 ρ.
704 727 865 786 eorm
879 727 1024 787 mcor
1050 730 1131 790 sac
1160 731 1188 789 Ι.
1216 729 1256 790 ix.

575 887 757 956 Versiculos
769 899 890 956 natura
902 892 1007 976 magis
1020 893 1124 958 factos
1137 903 1172 960 et
1184 903 1296 960 euntes

574 1001 708 1066 Mallius
721 1025 758 1068 ao
772 1004 799 1067 si
815 1005 887 1088 quis
901 1005 1037 1088 pedibus
1051 1005 1131 1089 quid
1144 1009 1291 1073 claudere
1304 1009 1393 1087 senis,

362 1133 530 1178 usses
574 1111 648 1177 Hoc
662 1121 792 1178 tantum
806 1123 988 1194 contentus,
1003 1125 1091 1181 amet
1104 1119 1270 1203 scripsisse
1282 1119 1423 1184 ducentos
1494 1120 1524 1179 to

573 1227 661 1290 Ante
675 1226 785 1290 cibum
798 1249 919 1306 versus,
932 1227 1071 1293 totidem
1084 1239 1218 1295 cenatus
1228 1258 1241 1310 3
1262 1232 1385 1296 Etmsd

575 1337 679 1404 Quale
693 1337 757 1402 fuit
772 1339 864 1404 Cassi
877 1340 990 1424 rapido
1001 1341 1180 1408 ferventius
1193 1344 1284 1408 amni

573 1449 758 1532 Ingenium,
773 1450 878 1534 capsis
892 1472 990 1534 quem
1003 1451 1090 1516 fama
1103 1461 1155 1516 est
1168 1475 1237 1518 ease
1250 1453 1394 1537 librisrprc

574 1559 769 1624 Ambustum
784 1561 931 1645 propriis
974 1561 1087 1626 Plserit
1101 1563 1259 1642 Lucilius,
1272 1563 1405 1646 inquam,

574 1671 683 1736 Comia
698 1677 731 1734 et
745 1669 897 1748 urbanus,
911 1670 1010 1735 suerit
1023 1671 1165 1736 limatior
1183 1673 1273 1738 idern
1495 1670 1525 1726 ⁰5

575 1783 682 1848 Quam
696 1781 784 1845 rudis
798 1792 832 1846 et
848 1783 970 1846 Grrecis
984 1782 1099 1846 intacti
1112 1785 1265 1848 carminis
1278 1792 1393 1861 unctor,

575 1893 745 1976 Quamque
760 1895 925 1976 politorum
940 1893 1103 1957 seniomm
1116 1894 1233 1971 turba,
1257 1895 1315 1958 sed
1326 1894 1386 1970 ille,

575 2005 610 2066 Si
625 2004 707 2068 foret
721 2001 783 2066 hoc
797 2010 945 2066 nostrum
958 2002 1027 2067 fato
1042 2002 1161 2067 dilatus
1173 2005 1210 2067 in
1222 2026 1338 2083 aevum,

574 2119 742 2182 Detereret
756 2118 817 2182 sibi
831 2117 945 2196 mults,
960 2119 1117 2183 recideret
1130 2139 1228 2183 omne
1241 2121 1330 2204 quod
1342 2121 1419 2184 ultra

572 2229 756 2294 Perfectum
770 2228 962 2306 traheretur,
976 2229 1167 2293 etinversu
1179 2229 1329 2295 faciendo
1499 2227 1532 2286 70

574 2343 664 2425 Sepe
679 2349 775 2425 ceput
788 2340 943 2418 scaberet,
957 2341 1045 2405 vivos
1058 2349 1092 2404 et
1104 2341 1233 2405 roderet
1247 2364 1381 2426 ungues.

573 2453 664 2535 Saepe
679 2451 789 2514 stilum
803 2459 910 2515 vertas
922 2451 1040 2516 iterum
1055 2473 1127 2535 quse
1140 2452 1242 2535 digna
1253 2454 1319 2534 legi
1332 2453 1394 2516 sint

572 2562 766 2646 Scripturas,
782 2582 886 2644 neque
900 2569 934 2625 te
948 2570 986 2624 ut
1000 2561 1137 2626 miretur
1149 2562 1248 2626 turba
1260 2563 1394 2638 labores,

361 2715 391 2754 μ,
403 2703 428 2744 ι
438 2705 456 2744 ι,
468 2707 498 2746 η,
508 2709 540 2748 μ
571 2675 750 2738 Contentus
765 2671 876 2756 paucis
889 2672 1072 2737 lectoribus.
1117 2673 1172 2736 An
1185 2679 1246 2736 tua
1258 2673 1388 2737 demens

360 2821 540 2864 &nh-1,
570 2783 845 2848 l'ilibusinludis
859 2783 974 2848 dictari
987 2783 1265 2848 carminamalia?
1502 2780 1533 2842 75

360 2949 408 2992 ,μ
419 2939 473 2992 1:³-
485 2941 502 2980 p
514 2939 557 2980 ω
570 2897 648 2962 Non
662 2917 741 2980 ego:
765 2916 841 2959 nam
856 2895 936 2958 sads
948 2895 1402 2980 eatequitemmihiplaudere,
1413 2901 1446 2956 ut
1455 2889 1535 2953 audax

570 3005 772 3091 Contemptis
785 3004 856 3068 aliis
870 3005 998 3088 explosa
1011 3004 1193 3070 Arbuscula
1206 3006 1299 3071 dixit.

570 3117 651 3182 Men
664 3123 791 3181 moveat
805 3115 909 3180 cimex
922 3115 1092 3193 Pantilius,
1107 3123 1164 3179 aut
1178 3117 1304 3181 cruciet
1318 3114 1401 3200 qood

569 3227 707 3292 l'ellioet
720 3226 885 3290 absentem
899 3225 1096 3304 Demetrius,
1110 3233 1168 3289 aut
1183 3225 1271 3308 quod
1283 3226 1410 3311 ineptus

569 3341 710 3404 Fannius
726 3338 939 3422 Hermogenis
953 3337 1050 3402 laedat
1063 3338 1197 3402 conviva
1210 3337 1350 3422 'tigellil
1506 3331 1540 3388 80

359 3467 406 3508 m..
417 3469 438 3506 s.
450 3469 466 3508 ι.
477 3471 496 3509 s.
508 3473 537 3511 so.
568 3451 693 3516 Plotius
708 3458 741 3514 et
755 3449 884 3526 Varius,
899 3448 1061 3512 Maeoenas
1074 3447 1307 3532 virgiliusque,

362 3583 439 3624 iseo.
449 3585 468 3624 a.
478 3587 497 3626 s.
566 3561 703 3644 Valgius
717 3568 750 3624 et
765 3559 879 3643 probet
891 3558 960 3622 hnc
974 3558 1138 3631 Octavius,
1152 3558 1294 3642 optimus
1309 3567 1406 3642 utque

356 3817 411 3858 ..a
423 3817 444 3858 s,
455 3818 473 3860 ι,
483 3821 502 3859 ⁶,
513 3821 543 3860 ῃ,
564 3783 753 3848 Ambitione
767 3783 909 3866 relegata
923 3789 957 3845 te
971 3781 1076 3845 dicere
1090 3801 1230 3863 possum

565 3893 679 3972 Pollio,
695 3901 739 3972 te,
755 3893 916 3970 Messalla,
931 3899 990 3956 tuo
1004 3891 1192 3955 cumfratre
1206 3891 1369 3975 simulque
1512 3889 1545 3947 83

356 4037 403 4066 ο...
415 4026 440 4066 s.
451 4028 468 4067 ι.
480 4029 497 4068 a
509 4029 527 4068 1.
565 4007 643 4084 Vos,
660 4006 775 4070 Bibule
789 4011 823 4068 et
840 4005 940 4082 Servi,
956 4003 1052 4068 simul
1065 4003 1117 4066 his
1130 4010 1174 4081 te,
1190 4003 1325 4068 candide
1339 4003 1452 4077 lurni,

565 4117 754 4200 Complures
769 4116 859 4193 alios,
875 4115 987 4180 doctos
1001 4135 1061 4198 ego
1076 4135 1156 4198 quos
1170 4122 1204 4177 et
1219 4115 1339 4178 amicos

349 4259 400 4300 μι.
413 4252 437 4290 ιιλ
449 4252 472 4293 r.
483 4255 526 4296 su
565 4227 711 4294 Prudens
725 4235 900 4312 praetereo5
924 4226 1040 4310 quibus
1053 4226 1133 4303 baec,
1149 4231 1226 4288 sunt
1241 4225 1483 4310 qualiacunque,

563 4339 714 4405 Arsidere
728 4339 833 4417 velim,
849 4337 1007 4402 dolitums
1022 4337 1051 4401 si
1065 4338 1211 4421 plaoeant
1225 4358 1282 4420 spe

562 4451 714 4515 Deterius
727 4458 847 4516 nostra.
893 4449 1051 4527 Demetri,
1066 4457 1173 4531 teque,
1188 4447 1318 4531 Tigelli,
1515 4447 1551 4510 90

561 4559 799 4642 Discipulorum
813 4561 899 4625 inter
909 4559 1010 4644 jubeo
1023 4560 1147 4643 plorare
1161 4557 1340 4622 cathedras.

560 4669 590 4744 1,
606 4687 694 4750 puer,
711 4677 807 4752 atque
822 4693 895 4733 meo
909 4671 993 4732 citus
1007 4669 1076 4734 haeo
1092 4669 1254 4733 subscribe
1269 4669 1387 4733 libello.

843 4805 884 4851 63.
904 4805 1029 4852 ἓίιυηειεὶ.
1097 4807 1137 4852 88.
1155 4804 1216 4850 sint.
