3450 5667
767 691 803 766 0,
823 693 980 753 uoml
995 693 1139 754 moe!

572 861 701 926 Plenior
713 882 759 939 er,
773 869 886 928 tamen
900 863 1001 926 uteris
1015 861 1225 928 monitoribus
1239 861 1373 927 isdem?

569 971 793 1039 Atridivitin
806 973 997 1058 prudentem
1011 973 1142 1038 reddere
1155 981 1294 1058 possent,
1499 974 1545 1035 155

569 1083 606 1146 Si
619 1081 771 1167 cupidum
785 1083 999 1166 timidumque
1013 1083 1120 1147 minus
1134 1091 1178 1161 te,
1194 1103 1309 1167 nempe
1323 1082 1467 1159 rubeus,

570 1192 700 1258 Viveret
714 1193 750 1256 iu
763 1193 860 1258 terris
874 1202 907 1258 te
921 1193 949 1256 ri
963 1193 1035 1278 quis
1049 1193 1172 1258 arafior
1185 1215 1259 1258 nno.

352 1313 549 1364 naam
569 1301 1461 1388 sipopfiumoet,quodquis1ibrsmemturetaere;

570 1411 739 1492 Quadam,
753 1412 782 1476 ei
794 1412 898 1478 credis
912 1413 1076 1491 consultis,
1091 1413 1252 1498 mancipat
1267 1435 1364 1477 nans:

569 1523 636 1590 Qui
649 1531 683 1586 te
696 1523 798 1607 pascit
812 1543 900 1605 ager,
915 1529 991 1586 tuus
1005 1529 1065 1599 est,
1081 1531 1114 1586 et
1128 1523 1242 1588 vilicus
1256 1521 1345 1598 Orbi.
1494 1521 1544 1581 lul

567 1633 653 1696 Cum
666 1639 791 1716 segetes
804 1642 896 1697 occat
910 1631 970 1697 tibi
985 1653 1059 1698 mox
1073 1631 1236 1698 menta
1245 1631 1390 1710 daturas,

567 1747 614 1812 'le
627 1745 794 1811 domiuum
808 1747 918 1812 sentit.
963 1748 1029 1813 Das
1042 1769 1202 1825 nummos,
1216 1747 1332 1831 accipis
1345 1769 1452 1824 nram,

568 1857 689 1936 Pullos,
703 1879 773 1935 ova,
789 1857 906 1922 cadum
920 1859 1050 1924 temeti:
1073 1877 1188 1940 nempe
1202 1856 1298 1922 modo
1312 1859 1376 1923 isto

569 1967 730 2032 Paulatim
743 1967 895 2032 mercaris
909 1989 1022 2052 agrum
1037 1969 1169 2034 fortasse
1183 1969 1335 2033 trecentis

566 2079 636 2140 Aut
649 2077 749 2140 etiam
762 2097 859 2162 supra
871 2098 1076 2144 nummorum
1091 2077 1221 2142 milibus
1235 2087 1391 2164 emptum.
1490 2081 1541 2138 163

567 2184 657 2252 Quid
670 2185 780 2264 refert,
794 2187 882 2251 rivas
896 2195 1063 2253 numerato
1075 2207 1181 2270 nuper
1195 2207 1236 2250 au
1248 2187 1352 2251 olim?

565 2293 703 2378 Emptor
715 2293 843 2359 Aricini
856 2295 1018 2378 quondam
1032 2294 1181 2359 Veientis
1194 2303 1228 2360 et
1242 2297 1308 2359 arri

565 2407 723 2489 Emptum
736 2414 831 2470 cenat
844 2404 926 2484 olus,
942 2403 1083 2488 quemvis
1097 2405 1192 2470 aliter
1203 2413 1297 2490 putat
1304 2432 1316 2485 ς
1338 2407 1455 2492 emptis

567 2514 636 2580 Sub
649 2523 779 2580 noctem
794 2515 931 2600 gelidam
945 2514 1041 2598 liguis
1055 2514 1224 2580 calefactat
1238 2521 1374 2596 atinum

566 2624 631 2690 Sed
644 2633 737 2690 vocat
751 2646 852 2709 usque
867 2644 971 2703 snum,
988 2645 1051 2708 qua
1065 2625 1202 2708 populns
1215 2626 1317 2690 adsita
1330 2627 1427 2692 certis
1492 2627 1545 2690 170

565 2733 740 2800 Limitibns
753 2735 858 2799 ricius
871 2733 990 2816 refugit
1000 2733 1129 2818 jurgia3
1152 2743 1317 2819 tamquam

565 2845 616 2908 Sit
629 2845 793 2930 proprium
808 2843 989 2929 quicquam,
1003 2851 1125 2928 puncto
1139 2845 1225 2929 quod
1238 2847 1366 2911 mobilis
1386 2847 1471 2912 hore

563 2955 663 3020 Nunc
676 2975 780 3040 prece,
795 2974 882 3018 nuuc
896 2954 1011 3038 pretio,
1025 2975 1113 3019 nuuc
1127 2955 1169 3035 ri,
1185 2977 1272 3021 nunc
1287 2967 1393 3024 morte
1412 2977 1545 3042 supreme

564 3068 731 3131 Permutat
745 3066 890 3132 dominos
904 3073 938 3129 et
953 3065 1045 3129 cedat
1059 3065 1094 3128 iu
1108 3066 1210 3132 altera
1218 3069 1304 3152 jura.

565 3177 620 3242 Sic
634 3178 710 3261 quia
723 3183 893 3263 perpetuus
907 3175 989 3240 nulli
1003 3175 1100 3240 datur
1112 3197 1200 3255 usus,
1216 3187 1249 3244 et
1262 3178 1356 3244 heres
1492 3179 1545 3242 175

565 3288 728 3353 Heredem
742 3287 872 3351 alterins
885 3287 974 3350 velut
987 3285 1077 3350 unda
1090 3289 1270 3371 supervenit
1284 3289 1417 3369 uudaun

352 3427 402 3469 cac
412 3427 453 3479 ep.
463 3427 482 3469 1.
491 3427 524 3468 ar.
563 3399 653 3467 Quid
666 3397 725 3464 vici
739 3405 875 3482 prosunt
889 3405 946 3461 aut
959 3396 1097 3461 horrea?
1119 3397 1235 3481 quidve
1249 3399 1394 3464 Calabris

564 3510 705 3576 Saltibus
719 3508 835 3593 adjecti
850 3507 986 3585 Lucani,
1000 3507 1028 3571 si
1042 3507 1136 3572 metit
1151 3509 1255 3574 Orcus

352 3607 395 3649 '⁷⁹'
402 3597 486 3688 cii
492 3599 522 3688 ii
522 3628 530 3698 ξ
564 3621 707 3686 Grandia
721 3640 796 3683 cum
810 3617 925 3703 parvis,
941 3639 1007 3682 nou
1021 3617 1188 3683 exorabilis
1202 3619 1305 3684 auro?

464 3699 524 3742 Μ
563 3731 725 3809 Gemmas,
741 3750 894 3807 marmor,
911 3728 1000 3806 ebur,
1016 3727 1183 3813 Tyrrhena
1196 3729 1309 3812 sigilla,
1325 3730 1472 3811 tabellas,
1495 3731 1550 3793 180

350 3859 406 3891 w·
415 3849 440 3890 0·
449 3849 507 3892 ²¹⁶·
516 3849 549 3892 Ἀ
562 3842 753 3924 Argentum,
769 3847 874 3904 vestes
890 3837 1019 3904 Gaenuo
1033 3839 1154 3904 murice
1167 3839 1297 3918 tinctas,

563 3954 648 4017 Sunt
662 3949 797 4033 quinon
812 3947 961 4027 habeant,
977 3954 1027 4013 est
1042 3949 1099 4032 qui
1113 3970 1176 4013 uon
1192 3957 1282 4014 curat
1296 3949 1428 4017 habere.

349 4087 393 4120 m.
404 4075 531 4120 aera.
561 4063 628 4128 Cur
641 4061 726 4124 alter
738 4059 875 4122 fratrum
890 4079 1012 4124 oecsare
1026 4067 1061 4124 et
1073 4059 1184 4125 ludere
1198 4069 1232 4125 et
1246 4061 1325 4145 ungi

562 4175 713 4241 usserat
729 4172 869 4238 Herodis
885 4173 1034 4256 palmetis
1049 4175 1232 4258 pinguibus,
1248 4175 1329 4240 alter

560 4285 658 4350 Dives
671 4291 706 4349 et
719 4283 923 4369 importunus
939 4282 979 4345 ad
994 4282 1142 4348 umbram
1156 4283 1237 4348 lucis
1252 4284 1292 4350 ab
1305 4291 1381 4349 ortu
1496 4289 1550 4350 185

440 4404 451 4442 ¹
470 4403 531 4494 ¹⁸3}-
561 4397 744 4462 Silvestrem
759 4393 897 4458 flammis
911 4400 945 4457 et
959 4393 1044 4458 ferro
1060 4394 1187 4478 mitiget
1202 4415 1327 4479 agrum,
1583 4379 1584 4410 ³

347 4403 395 4442 κη,
405 4403 429 4442 θ.

407 4452 432 4492 li.
471 4457 490 4494 1.
527 4484 532 4494 .

347 4513 402 4566 (ὅσα.
413 4526 438 4565 (“,

414 4576 440 4617 ll.

475 4528 545 4618 {fist
561 4507 629 4574 Scit
644 4505 779 4582 Genius,
796 4503 902 4569 natale
917 4523 1024 4568 comes
1039 4504 1094 4587 qui
1108 4511 1265 4589 temperat
1279 4511 1417 4585 astrum,

558 4637 613 4686 158.
631 4631 1083 4746 lpropriumat...mcrcaturle7t³mrc
1089 4635 1145 4745 potet.
1204 4631 1260 4683 16³.
1277 4633 1418 4698 modesto,
1431 4633 1551 4700 (Laelio)

1036 4711 1089 4746 .so
1133 4731 1139 4744 .

444 4433 461 4492 ι’.

447 4529 467 4567 a.

447 4580 466 4617 a.
