3450 5667
636 708 807 767 uPoDoN
841 708 888 767 II.

270 873 368 957 Magia
380 872 522 951 reliotia;
543 894 622 951 nou,
637 880 676 937 ut
690 872 783 952 adsit,
799 872 899 937 euxili

307 985 424 1049 natura
437 984 512 1067 plue
525 984 747 1067 presentibus.

269 1094 411 1159 Libenter
423 1094 486 1159 hoe
500 1102 535 1159 et
549 1115 646 1159 omne
659 1095 852 1160 militabitur

307 1205 427 1269 Bellum
441 1206 478 1269 in
492 1214 559 1271 tuae
574 1227 666 1290 spem
680 1207 811 1289 gratioe3

202 1319 235 1378 25
270 1319 339 1383 Nou
351 1328 387 1383 ut
397 1320 543 1405 juvencis
557 1320 682 1403 illigata
694 1319 839 1403 pluribus

307 1430 416 1494 Aratre
428 1432 580 1495 nitantur
593 1452 687 1496 mea:

271 1538 397 1604 Peeuuve
410 1542 557 1606 Calabria
571 1548 647 1605 aute
662 1539 750 1604 sidua
764 1538 922 1603 fervidum

308 1648 431 1713 lruoana
444 1658 553 1715 mutet
567 1650 692 1733 praeuia
705 1676 712 1714 ι

273 1756 334 1821 Nee
345 1768 381 1822 ut
393 1762 523 1844 superni
536 1761 612 1825 villa
625 1762 766 1824 candens
779 1758 910 1824 uuum

209 1865 243 1925 30
312 1869 423 1934 Ciroea
434 1879 550 1955 tangat
564 1871 693 1935 moeuie.

276 1976 352 2042 Satin
363 2002 517 2066 unperque
530 2003 584 2046 me
597 1982 781 2064 benignitas
795 1987 852 2044 tua

311 2088 425 2155 Ditavit
438 2118 445 2156 :
469 2092 558 2157 haud
571 2113 734 2176 paravero,

277 2198 361 2265 Quod
373 2211 427 2267 aut
440 2225 553 2267 evm-ua
566 2211 604 2266 ut
619 2204 773 2269 Chremes
786 2209 873 2267 terra
887 2222 1043 2287 premam,

311 2309 482 2379 Distinetua
492 2322 553 2379 eut
567 2314 698 2399 perdum
712 2334 821 2398 nepos.

642 2724 692 2789 11.

258 2861 397 2932 “eruu
410 2870 475 2949 ille,
490 2871 546 2955 qui
559 2871 671 2954 procul
684 2870 831 2954 negotiis,

319 2976 362 3041 Ut
372 2981 472 3062 prisea
485 3003 563 3065 gena
576 2982 773 3059 mortalium,

282 3083 401 3152 Paterna
413 3113 488 3155 rura
502 3091 604 3156 bobua
617 3099 744 3155 exeroet
758 3090 834 3168 suia,

318 3195 435 3265 Solutus
448 3203 539 3266 omni
552 3202 672 3268 fenore.

234 3300 248 3357 5
282 3302 379 3389 Neque
392 3314 547 3377 excitatur
560 3313 693 3379 classico
705 3314 797 3378 mileu
811 3314 908 3393 truci,

317 3417 420 3503 Neque
432 3423 542 3488 horret
556 3425 675 3488 iratum
689 3446 787 3501 mare,

282 3526 444 3616 lorumque
457 3536 539 3600 vitat
552 3544 585 3600 et
599 3537 736 3620 superba
749 3537 868 3601 citium

318 3641 528 3711 Potentiorum
542 3647 665 3711 limina.

282 3746 355 3834 Ergo
368 3766 420 3821 aut
433 3758 542 3821 adulta
556 3758 670 3822 vitium
684 3758 858 3841 propagine

222 3850 253 3910 1⁰
319 3864 403 3929 Altae
416 3869 545 3931 maritat
559 3870 702 3953 populor,

281 3970 339 4035 Aut
349 3974 382 4039 in
394 3979 525 4043 reducta
540 3980 620 4053 velte
634 3979 849 4062 mugientium

316 4083 490 4173 Prospectat
505 4098 647 4155 errantes
662 4112 795 4174 gregem

282 4189 456 4284 Inutilisque
468 4202 551 4266 faloe
564 4222 671 4266 ramos
684 4211 853 4286 amputans

316 4306 475 4376 Feliciores
488 4314 602 4377 interit
613 4339 623 4391 ;

221 4402 249 4464 15
283 4414 452 4502 Autprm
466 4426 555 4507 puris
569 4425 666 4489 mella
680 4425 790 4488 condit
805 4424 986 4519 amphorist
1046 4400 1051 4411 =

318 4531 378 4596 Aut
391 4537 502 4602 tondet
516 4538 659 4601 infirmus
673 4558 768 4616 ovea;

221 4674 320 4734 illm·
379 4696 418 4743 28.
434 4711 539 4758 pesona.
606 4699 646 4747 34.
665 4702 696 4745 ut
698 4736 757 4747 ......
760 4713 849 4760 nepos.
951 4699 990 4745 13.
1008 4697 1172 4759 inutilesque.

1137 4800 1193 4847 ΚΞ
1325 4810 1331 4821 ’
