<?xml version="1.0" encoding="UTF-8"?>
<!DOCTYPE html PUBLIC "-//W3C//DTD XHTML 1.0 Transitional//EN"
    "http://www.w3.org/TR/xhtml1/DTD/xhtml1-transitional.dtd">
<html xmlns="http://www.w3.org/1999/xhtml" xml:lang="en" lang="en">
 <head>
  <title>
</title>
<meta http-equiv="Content-Type" content="text/html;charset=utf-8" />
  <meta name='ocr-system' content='tesseract 3.04.00' />
  <meta name='ocr-capabilities' content='ocr_page ocr_carea ocr_par ocr_line ocrx_word'/>
</head>
<body>
  <div class='ocr_page' id='page_1' title='image "./quintihoratifla01horagoog_0174.png"; bbox 0 0 3450 5667; ppageno 0'>
   <div class='ocr_carea' id='block_1_1' title="bbox 744 685 1131 761">
    <p class='ocr_par' dir='ltr' id='par_1_1' title="bbox 744 685 1131 761">
     <span class='ocr_line' id='line_1_1' title="bbox 744 685 1131 761; baseline 0 -15"><span class='ocrx_word' id='word_1_1' title='bbox 744 687 777 761; x_wconf 82' lang='grc' dir='ltr'>ρ.</span> <span class='ocrx_word' id='word_1_2' title='bbox 799 685 960 747; x_wconf 74' lang='lat' dir='ltr'>noum</span> <span class='ocrx_word' id='word_1_3' title='bbox 985 687 1131 747; x_wconf 74' lang='lat' dir='ltr'>mcor</span> 
     </span>
    </p>
   </div>
   <div class='ocr_carea' id='block_1_2' title="bbox 552 848 1582 4561">
    <p class='ocr_par' dir='ltr' id='par_1_2' title="bbox 553 848 1318 934">
     <span class='ocr_line' id='line_1_2' title="bbox 553 848 1318 934; baseline 0.005 -24"><span class='ocrx_word' id='word_1_4' title='bbox 553 848 684 914; x_wconf 85' lang='lat' dir='ltr'>Virtute</span> <span class='ocrx_word' id='word_1_5' title='bbox 699 857 778 928; x_wconf 85' lang='lat' dir='ltr'>asto,</span> <span class='ocrx_word' id='word_1_6' title='bbox 794 851 902 934; x_wconf 89' lang='lat' dir='ltr'>inquit</span> <span class='ocrx_word' id='word_1_7' title='bbox 915 851 1077 916; x_wconf 87' lang='lat' dir='ltr'>sententia</span> <span class='ocrx_word' id='word_1_8' title='bbox 1091 850 1144 914; x_wconf 85' lang='lat' dir='ltr'>dia</span> <span class='ocrx_word' id='word_1_9' title='bbox 1157 850 1293 915; x_wconf 82' lang='lat' dir='ltr'>Catonis</span> <span class='ocrx_word' id='word_1_10' title='bbox 1304 876 1318 928; x_wconf 70' lang='grc' dir='ltr'><em>ς</em></span> 
     </span>
    </p>

    <p class='ocr_par' dir='ltr' id='par_1_3' title="bbox 552 959 1280 1038">
     <span class='ocr_line' id='line_1_3' title="bbox 552 959 1280 1038; baseline -0.001 -14"><span class='ocrx_word' id='word_1_11' title='bbox 552 959 641 1024; x_wconf 85' lang='lat' dir='ltr'>Nam</span> <span class='ocrx_word' id='word_1_12' title='bbox 655 959 753 1024; x_wconf 88' lang='lat' dir='ltr'>simul</span> <span class='ocrx_word' id='word_1_13' title='bbox 768 981 805 1024; x_wconf 89' lang='lat' dir='ltr'>ac</span> <span class='ocrx_word' id='word_1_14' title='bbox 820 981 919 1024; x_wconf 83' lang='lat' dir='ltr'>venas</span> <span class='ocrx_word' id='word_1_15' title='bbox 933 961 1057 1025; x_wconf 72' lang='lat' dir='ltr'>inflavit</span> <span class='ocrx_word' id='word_1_16' title='bbox 1070 969 1156 1024; x_wconf 90' lang='lat' dir='ltr'>tetra</span> <span class='ocrx_word' id='word_1_17' title='bbox 1168 960 1280 1038; x_wconf 90' lang='lat' dir='ltr'>libido,</span> 
     </span>
    </p>

    <p class='ocr_par' dir='ltr' id='par_1_4' title="bbox 553 1069 1547 1371">
     <span class='ocr_line' id='line_1_4' title="bbox 554 1069 1426 1153; baseline 0.001 -21"><span class='ocrx_word' id='word_1_18' title='bbox 554 1069 630 1133; x_wconf 86' lang='lat' dir='ltr'>Huc</span> <span class='ocrx_word' id='word_1_19' title='bbox 641 1069 775 1153; x_wconf 76' lang='lat' dir='ltr'>juvenes</span> <span class='ocrx_word' id='word_1_20' title='bbox 789 1089 919 1153; x_wconf 67' lang='lat' dir='ltr'>nquam</span> <span class='ocrx_word' id='word_1_21' title='bbox 932 1077 982 1134; x_wconf 85' lang='lat' dir='ltr'>cst</span> <span class='ocrx_word' id='word_1_22' title='bbox 996 1070 1198 1146; x_wconf 74' lang='lat' dir='ltr'>descendere,</span> <span class='ocrx_word' id='word_1_23' title='bbox 1213 1091 1281 1134; x_wconf 92' lang='lat' dir='ltr'>non</span> <span class='ocrx_word' id='word_1_24' title='bbox 1296 1070 1426 1134; x_wconf 85' lang='lat' dir='ltr'>alienus</span> 
     </span>
     <span class='ocr_line' id='line_1_5' title="bbox 553 1178 1547 1261; baseline -0.004 -19"><span class='ocrx_word' id='word_1_25' title='bbox 553 1179 734 1243; x_wconf 87' lang='lat' dir='ltr'>Pcrmolerc</span> <span class='ocrx_word' id='word_1_26' title='bbox 748 1199 874 1243; x_wconf 86' lang='lat' dir='ltr'>uxores.</span> <span class='ocrx_word' id='word_1_27' title='bbox 918 1178 1033 1242; x_wconf 86' lang='lat' dir='ltr'>Nolim</span> <span class='ocrx_word' id='word_1_28' title='bbox 1047 1178 1218 1255; x_wconf 87' lang='lat' dir='ltr'>laudarier,</span> <span class='ocrx_word' id='word_1_29' title='bbox 1233 1179 1358 1261; x_wconf 88' lang='lat' dir='ltr'>inquit,</span> <span class='ocrx_word' id='word_1_30' title='bbox 1514 1179 1547 1238; x_wconf 76' lang='grc'>55</span> 
     </span>
     <span class='ocr_line' id='line_1_6' title="bbox 555 1287 1252 1371; baseline 0.001 -21"><span class='ocrx_word' id='word_1_31' title='bbox 555 1287 609 1351; x_wconf 91' lang='lat' dir='ltr'>Sic</span> <span class='ocrx_word' id='word_1_32' title='bbox 623 1307 685 1365; x_wconf 87' lang='lat' dir='ltr'>mc,</span> <span class='ocrx_word' id='word_1_33' title='bbox 700 1288 835 1352; x_wconf 86' lang='lat' dir='ltr'>mirator</span> <span class='ocrx_word' id='word_1_34' title='bbox 849 1288 947 1351; x_wconf 88' lang='lat' dir='ltr'>cunni</span> <span class='ocrx_word' id='word_1_35' title='bbox 963 1287 1162 1371; x_wconf 76' lang='lat' dir='ltr'>Cupiennius</span> <span class='ocrx_word' id='word_1_36' title='bbox 1176 1287 1252 1351; x_wconf 89' lang='lat' dir='ltr'>albi.</span> 
     </span>
    </p>

    <p class='ocr_par' dir='ltr' id='par_1_5' title="bbox 552 1396 1310 1481">
     <span class='ocr_line' id='line_1_7' title="bbox 552 1396 1310 1481; baseline 0.001 -22"><span class='ocrx_word' id='word_1_37' title='bbox 552 1396 674 1460; x_wconf 87' lang='lat' dir='ltr'>Audire</span> <span class='ocrx_word' id='word_1_38' title='bbox 688 1405 737 1461; x_wconf 85' lang='lat' dir='ltr'>cst</span> <span class='ocrx_word' id='word_1_39' title='bbox 752 1417 857 1481; x_wconf 75' lang='lat' dir='ltr'>operte</span> <span class='ocrx_word' id='word_1_40' title='bbox 871 1398 1023 1480; x_wconf 87' lang='lat' dir='ltr'>pretium,</span> <span class='ocrx_word' id='word_1_41' title='bbox 1037 1397 1208 1480; x_wconf 79' lang='lat' dir='ltr'>procedere</span> <span class='ocrx_word' id='word_1_42' title='bbox 1221 1407 1310 1460; x_wconf 86' lang='lat' dir='ltr'>rccte</span> 
     </span>
    </p>

    <p class='ocr_par' dir='ltr' id='par_1_6' title="bbox 554 1505 1426 1588">
     <span class='ocr_line' id='line_1_8' title="bbox 554 1505 1426 1588; baseline -0.005 -16"><span class='ocrx_word' id='word_1_43' title='bbox 554 1505 622 1572; x_wconf 77' lang='lat' dir='ltr'>Qui</span> <span class='ocrx_word' id='word_1_44' title='bbox 637 1505 770 1570; x_wconf 79' lang='lat' dir='ltr'>moeohis</span> <span class='ocrx_word' id='word_1_45' title='bbox 785 1527 851 1570; x_wconf 92' lang='lat' dir='ltr'>non</span> <span class='ocrx_word' id='word_1_46' title='bbox 865 1506 970 1582; x_wconf 84' lang='lat' dir='ltr'>voltis,</span> <span class='ocrx_word' id='word_1_47' title='bbox 985 1514 1025 1568; x_wconf 87' lang='lat' dir='ltr'>ut</span> <span class='ocrx_word' id='word_1_48' title='bbox 1038 1506 1127 1568; x_wconf 90' lang='lat' dir='ltr'>omni</span> <span class='ocrx_word' id='word_1_49' title='bbox 1142 1514 1233 1588; x_wconf 87' lang='lat' dir='ltr'>parte</span> <span class='ocrx_word' id='word_1_50' title='bbox 1246 1505 1426 1582; x_wconf 83' lang='lat' dir='ltr'>laborent;</span> 
     </span>
    </p>

    <p class='ocr_par' dir='ltr' id='par_1_7' title="bbox 555 1614 1327 1699">
     <span class='ocr_line' id='line_1_9' title="bbox 555 1614 1327 1699; baseline -0.003 -19"><span class='ocrx_word' id='word_1_51' title='bbox 555 1615 666 1698; x_wconf 84' lang='lat' dir='ltr'>thue</span> <span class='ocrx_word' id='word_1_52' title='bbox 681 1615 743 1678; x_wconf 91' lang='lat' dir='ltr'>illis</span> <span class='ocrx_word' id='word_1_53' title='bbox 758 1615 864 1680; x_wconf 90' lang='lat' dir='ltr'>multo</span> <span class='ocrx_word' id='word_1_54' title='bbox 877 1623 1030 1699; x_wconf 87' lang='lat' dir='ltr'>corrupta</span> <span class='ocrx_word' id='word_1_55' title='bbox 1044 1614 1153 1678; x_wconf 91' lang='lat' dir='ltr'>dolore</span> <span class='ocrx_word' id='word_1_56' title='bbox 1166 1614 1327 1699; x_wconf 83' lang='lat' dir='ltr'>voluptas,</span> 
     </span>
    </p>

    <p class='ocr_par' dir='ltr' id='par_1_8' title="bbox 555 1723 1549 1918">
     <span class='ocr_line' id='line_1_10' title="bbox 555 1723 1549 1809; baseline -0.002 -21"><span class='ocrx_word' id='word_1_57' title='bbox 555 1725 663 1808; x_wconf 81' lang='lat' dir='ltr'>Atque</span> <span class='ocrx_word' id='word_1_58' title='bbox 677 1723 746 1790; x_wconf 74' lang='lat' dir='ltr'>bmc</span> <span class='ocrx_word' id='word_1_59' title='bbox 760 1745 842 1802; x_wconf 89' lang='lat' dir='ltr'>rara,</span> <span class='ocrx_word' id='word_1_60' title='bbox 858 1725 952 1789; x_wconf 87' lang='lat' dir='ltr'>cadat</span> <span class='ocrx_word' id='word_1_61' title='bbox 966 1725 1047 1789; x_wconf 88' lang='lat' dir='ltr'>dura</span> <span class='ocrx_word' id='word_1_62' title='bbox 1059 1726 1145 1789; x_wconf 84' lang='lat' dir='ltr'>inter</span> <span class='ocrx_word' id='word_1_63' title='bbox 1158 1745 1241 1809; x_wconf 81' lang='lat' dir='ltr'>saepe</span> <span class='ocrx_word' id='word_1_64' title='bbox 1256 1725 1390 1809; x_wconf 84' lang='lat' dir='ltr'>pericla.</span> <span class='ocrx_word' id='word_1_65' title='bbox 1513 1725 1549 1785; x_wconf 74' lang='lat'>40</span> 
     </span>
     <span class='ocr_line' id='line_1_11' title="bbox 557 1833 1314 1918; baseline -0.003 -20"><span class='ocrx_word' id='word_1_66' title='bbox 557 1834 623 1898; x_wconf 88' lang='lat' dir='ltr'>Hic</span> <span class='ocrx_word' id='word_1_67' title='bbox 637 1855 671 1898; x_wconf 87' lang='lat' dir='ltr'>sc</span> <span class='ocrx_word' id='word_1_68' title='bbox 685 1833 881 1918; x_wconf 74' lang='lat' dir='ltr'>pmcipitem</span> <span class='ocrx_word' id='word_1_69' title='bbox 894 1841 982 1898; x_wconf 84' lang='lat' dir='ltr'>tecto</span> <span class='ocrx_word' id='word_1_70' title='bbox 996 1834 1095 1912; x_wconf 81' lang='lat' dir='ltr'>dedit,</span> <span class='ocrx_word' id='word_1_71' title='bbox 1111 1835 1166 1898; x_wconf 90' lang='lat' dir='ltr'>ille</span> <span class='ocrx_word' id='word_1_72' title='bbox 1179 1833 1314 1916; x_wconf 82' lang='lat' dir='ltr'>flagellis</span> 
     </span>
    </p>

    <p class='ocr_par' dir='ltr' id='par_1_9' title="bbox 556 1943 1356 2027">
     <span class='ocr_line' id='line_1_12' title="bbox 556 1943 1356 2027; baseline -0.003 -19"><span class='ocrx_word' id='word_1_73' title='bbox 556 1943 610 2008; x_wconf 89' lang='lat' dir='ltr'>Ad</span> <span class='ocrx_word' id='word_1_74' title='bbox 625 1951 760 2008; x_wconf 80' lang='lat' dir='ltr'>mortem</span> <span class='ocrx_word' id='word_1_75' title='bbox 776 1965 887 2023; x_wconf 84' lang='lat' dir='ltr'>caesus,</span> <span class='ocrx_word' id='word_1_76' title='bbox 903 1943 1031 2027; x_wconf 77' lang='lat' dir='ltr'>fugiens</span> <span class='ocrx_word' id='word_1_77' title='bbox 1044 1943 1099 2007; x_wconf 90' lang='lat' dir='ltr'>bio</span> <span class='ocrx_word' id='word_1_78' title='bbox 1113 1943 1232 2007; x_wconf 84' lang='lat' dir='ltr'>decidit</span> <span class='ocrx_word' id='word_1_79' title='bbox 1247 1965 1356 2008; x_wconf 89' lang='lat' dir='ltr'>acrem</span> 
     </span>
    </p>

    <p class='ocr_par' dir='ltr' id='par_1_10' title="bbox 556 2053 1582 3022">
     <span class='ocr_line' id='line_1_13' title="bbox 558 2053 1518 2137; baseline -0.002 -19"><span class='ocrx_word' id='word_1_80' title='bbox 558 2055 748 2119; x_wconf 81' lang='lat' dir='ltr'>Praedonum</span> <span class='ocrx_word' id='word_1_81' title='bbox 763 2055 798 2118; x_wconf 91' lang='lat' dir='ltr'>in</span> <span class='ocrx_word' id='word_1_82' title='bbox 811 2053 953 2132; x_wconf 87' lang='lat' dir='ltr'>turbam,</span> <span class='ocrx_word' id='word_1_83' title='bbox 969 2053 1058 2118; x_wconf 86' lang='lat' dir='ltr'>dedit</span> <span class='ocrx_word' id='word_1_84' title='bbox 1071 2053 1126 2118; x_wconf 91' lang='lat' dir='ltr'>bic</span> <span class='ocrx_word' id='word_1_85' title='bbox 1139 2074 1198 2137; x_wconf 91' lang='lat' dir='ltr'>pro</span> <span class='ocrx_word' id='word_1_86' title='bbox 1212 2075 1345 2136; x_wconf 90' lang='lat' dir='ltr'>corpore</span> <span class='ocrx_word' id='word_1_87' title='bbox 1360 2074 1518 2117; x_wconf 79' lang='lat' dir='ltr'>nummos</span> 
     </span>
     <span class='ocr_line' id='line_1_14' title="bbox 558 2163 1388 2248; baseline 0 -22"><span class='ocrx_word' id='word_1_88' title='bbox 558 2163 657 2229; x_wconf 90' lang='lat' dir='ltr'>Hunc</span> <span class='ocrx_word' id='word_1_89' title='bbox 671 2165 914 2248; x_wconf 85' lang='lat' dir='ltr'>perminxerunt</span> <span class='ocrx_word' id='word_1_90' title='bbox 927 2165 1074 2242; x_wconf 79' lang='lat' dir='ltr'>colones3</span> <span class='ocrx_word' id='word_1_91' title='bbox 1097 2163 1388 2245; x_wconf 83' lang='lat' dir='ltr'>quinctiamillud</span> 
     </span>
     <span class='ocr_line' id='line_1_15' title="bbox 556 2272 1549 2356; baseline -0.005 -19"><span class='ocrx_word' id='word_1_92' title='bbox 556 2273 695 2347; x_wconf 77' lang='lat' dir='ltr'>Accidit,</span> <span class='ocrx_word' id='word_1_93' title='bbox 711 2282 748 2337; x_wconf 84' lang='lat' dir='ltr'>ut</span> <span class='ocrx_word' id='word_1_94' title='bbox 763 2272 894 2356; x_wconf 90' lang='lat' dir='ltr'>quidam</span> <span class='ocrx_word' id='word_1_95' title='bbox 907 2281 1007 2338; x_wconf 82' lang='lat' dir='ltr'>testes</span> <span class='ocrx_word' id='word_1_96' title='bbox 1020 2273 1219 2356; x_wconf 74' lang='lat' dir='ltr'>caudamque</span> <span class='ocrx_word' id='word_1_97' title='bbox 1234 2274 1376 2337; x_wconf 83' lang='lat' dir='ltr'>salacem</span> <span class='ocrx_word' id='word_1_98' title='bbox 1513 2275 1549 2332; x_wconf 68' lang='lat'>45</span> 
     </span>
     <span class='ocr_line' id='line_1_16' title="bbox 557 2382 1431 2466; baseline -0.001 -18"><span class='ocrx_word' id='word_1_99' title='bbox 557 2384 850 2448; x_wconf 83' lang='lat' dir='ltr'>Demeteretlerro.</span> <span class='ocrx_word' id='word_1_100' title='bbox 897 2385 1132 2461; x_wconf 85' lang='lat' dir='ltr'>Jure,omncs:</span> <span class='ocrx_word' id='word_1_101' title='bbox 1156 2382 1262 2448; x_wconf 85' lang='lat' dir='ltr'>Galba</span> <span class='ocrx_word' id='word_1_102' title='bbox 1275 2383 1431 2466; x_wconf 77' lang='lat' dir='ltr'>negabat</span> 
     </span>
     <span class='ocr_line' id='line_1_17' title="bbox 557 2493 1354 2578; baseline -0.003 -19"><span class='ocrx_word' id='word_1_103' title='bbox 557 2494 671 2560; x_wconf 79' lang='lat' dir='ltr'>Tutior</span> <span class='ocrx_word' id='word_1_104' title='bbox 685 2501 719 2558; x_wconf 86' lang='lat' dir='ltr'>at</span> <span class='ocrx_word' id='word_1_105' title='bbox 734 2501 855 2578; x_wconf 69' lang='lat' dir='ltr'>quanto</span> <span class='ocrx_word' id='word_1_106' title='bbox 870 2513 961 2557; x_wconf 84' lang='lat' dir='ltr'>merx</span> <span class='ocrx_word' id='word_1_107' title='bbox 973 2501 1023 2558; x_wconf 84' lang='lat' dir='ltr'>cst</span> <span class='ocrx_word' id='word_1_108' title='bbox 1037 2494 1072 2556; x_wconf 89' lang='lat' dir='ltr'>in</span> <span class='ocrx_word' id='word_1_109' title='bbox 1086 2494 1186 2557; x_wconf 77' lang='lat' dir='ltr'>classe</span> <span class='ocrx_word' id='word_1_110' title='bbox 1200 2493 1354 2572; x_wconf 79' lang='lat' dir='ltr'>secunda,</span> 
     </span>
     <span class='ocr_line' id='line_1_18' title="bbox 557 2608 1225 2691; baseline -0.007 -15"><span class='ocrx_word' id='word_1_111' title='bbox 557 2610 795 2676; x_wconf 83' lang='lat' dir='ltr'>Libertinurnm</span> <span class='ocrx_word' id='word_1_112' title='bbox 811 2609 894 2687; x_wconf 90' lang='lat' dir='ltr'>dico,</span> <span class='ocrx_word' id='word_1_113' title='bbox 910 2609 1082 2672; x_wconf 75' lang='lat' dir='ltr'>Sallustius</span> <span class='ocrx_word' id='word_1_114' title='bbox 1095 2608 1225 2691; x_wconf 82' lang='lat' dir='ltr'>inquas</span> 
     </span>
     <span class='ocr_line' id='line_1_19' title="bbox 557 2717 1462 2802; baseline -0.005 -18"><span class='ocrx_word' id='word_1_115' title='bbox 557 2721 635 2784; x_wconf 91' lang='lat' dir='ltr'>Non</span> <span class='ocrx_word' id='word_1_116' title='bbox 649 2720 757 2783; x_wconf 87' lang='lat' dir='ltr'>minus</span> <span class='ocrx_word' id='word_1_117' title='bbox 771 2719 892 2782; x_wconf 83' lang='lat' dir='ltr'>insanit</span> <span class='ocrx_word' id='word_1_118' title='bbox 906 2739 1004 2802; x_wconf 87' lang='lat' dir='ltr'>quam</span> <span class='ocrx_word' id='word_1_119' title='bbox 1019 2717 1076 2801; x_wconf 89' lang='lat' dir='ltr'>qui</span> <span class='ocrx_word' id='word_1_120' title='bbox 1090 2718 1289 2782; x_wconf 80' lang='lat' dir='ltr'>moechatnr:</span> <span class='ocrx_word' id='word_1_121' title='bbox 1314 2725 1348 2782; x_wconf 86' lang='lat' dir='ltr'>at</span> <span class='ocrx_word' id='word_1_122' title='bbox 1361 2718 1420 2782; x_wconf 87' lang='lat' dir='ltr'>hic</span> <span class='ocrx_word' id='word_1_123' title='bbox 1434 2718 1462 2780; x_wconf 87' lang='lat' dir='ltr'>si</span> 
     </span>
     <span class='ocr_line' id='line_1_20' title="bbox 559 2825 1550 2910; baseline -0.006 -16"><span class='ocrx_word' id='word_1_124' title='bbox 559 2830 633 2896; x_wconf 83' lang='lat' dir='ltr'>Qua</span> <span class='ocrx_word' id='word_1_125' title='bbox 646 2849 707 2905; x_wconf 84' lang='lat' dir='ltr'>ros,</span> <span class='ocrx_word' id='word_1_126' title='bbox 724 2849 788 2910; x_wconf 89' lang='lat' dir='ltr'>qna</span> <span class='ocrx_word' id='word_1_127' title='bbox 801 2827 886 2890; x_wconf 84' lang='lat' dir='ltr'>ratio</span> <span class='ocrx_word' id='word_1_128' title='bbox 900 2825 1058 2903; x_wconf 79' lang='lat' dir='ltr'>suaderet,</span> <span class='ocrx_word' id='word_1_129' title='bbox 1075 2847 1202 2910; x_wconf 84' lang='lat' dir='ltr'>quaque</span> <span class='ocrx_word' id='word_1_130' title='bbox 1216 2825 1362 2890; x_wconf 80' lang='lat' dir='ltr'>modeste</span> <span class='ocrx_word' id='word_1_131' title='bbox 1513 2828 1550 2886; x_wconf 94' lang='grc'>50</span> 
     </span>
     <span class='ocr_line' id='line_1_21' title="bbox 558 2938 1417 3022; baseline -0.003 -16"><span class='ocrx_word' id='word_1_132' title='bbox 558 2941 715 3006; x_wconf 87' lang='lat' dir='ltr'>Munifioo</span> <span class='ocrx_word' id='word_1_133' title='bbox 729 2961 799 3005; x_wconf 84' lang='lat' dir='ltr'>csse</span> <span class='ocrx_word' id='word_1_134' title='bbox 813 2939 899 3017; x_wconf 89' lang='lat' dir='ltr'>licet,</span> <span class='ocrx_word' id='word_1_135' title='bbox 915 2939 1011 3003; x_wconf 87' lang='lat' dir='ltr'>vellet</span> <span class='ocrx_word' id='word_1_136' title='bbox 1025 2939 1128 3003; x_wconf 89' lang='lat' dir='ltr'>bonus</span> <span class='ocrx_word' id='word_1_137' title='bbox 1143 2947 1240 3020; x_wconf 83' lang='lat' dir='ltr'>utque</span> <span class='ocrx_word' id='word_1_138' title='bbox 1253 2938 1417 3022; x_wconf 82' lang='lat' dir='ltr'>benignus</span> 
     </span>
    </p>

    <p class='ocr_par' dir='ltr' id='par_1_11' title="bbox 558 3049 1582 4123">
     <span class='ocr_line' id='line_1_22' title="bbox 558 3049 1582 3140; baseline -0.002 -24"><span class='ocrx_word' id='word_1_139' title='bbox 558 3054 647 3131; x_wconf 85' lang='lat' dir='ltr'>Esse,</span> <span class='ocrx_word' id='word_1_140' title='bbox 663 3051 753 3116; x_wconf 74' lang='lat' dir='ltr'>dmet</span> <span class='ocrx_word' id='word_1_141' title='bbox 768 3059 928 3134; x_wconf 88' lang='lat' dir='ltr'>quantam</span> <span class='ocrx_word' id='word_1_142' title='bbox 942 3049 1021 3114; x_wconf 82' lang='lat' dir='ltr'>sctis</span> <span class='ocrx_word' id='word_1_143' title='bbox 1034 3057 1194 3113; x_wconf 84' lang='lat' dir='ltr'>essetnec</span> <span class='ocrx_word' id='word_1_144' title='bbox 1207 3049 1270 3114; x_wconf 89' lang='lat' dir='ltr'>sibi</span> <span class='ocrx_word' id='word_1_145' title='bbox 1284 3049 1407 3114; x_wconf 91' lang='lat' dir='ltr'>damno</span> <span class='ocrx_word' id='word_1_146' title='bbox 1581 3113 1582 3140; x_wconf 21' lang='lat' dir='ltr'>p</span> 
     </span>
     <span class='ocr_line' id='line_1_23' title="bbox 559 3159 1494 3245; baseline -0.003 -18"><span class='ocrx_word' id='word_1_147' title='bbox 559 3162 778 3245; x_wconf 79' lang='lat' dir='ltr'>Dedecorique</span> <span class='ocrx_word' id='word_1_148' title='bbox 794 3163 887 3225; x_wconf 80' lang='lat' dir='ltr'>foret.</span> <span class='ocrx_word' id='word_1_149' title='bbox 931 3161 1055 3224; x_wconf 87' lang='lat' dir='ltr'>Verum</span> <span class='ocrx_word' id='word_1_150' title='bbox 1071 3159 1132 3224; x_wconf 91' lang='lat' dir='ltr'>hoc</span> <span class='ocrx_word' id='word_1_151' title='bbox 1146 3181 1181 3224; x_wconf 91' lang='lat' dir='ltr'>se</span> <span class='ocrx_word' id='word_1_152' title='bbox 1196 3160 1405 3244; x_wconf 73' lang='lat' dir='ltr'>amplectitur</span> <span class='ocrx_word' id='word_1_153' title='bbox 1417 3181 1494 3235; x_wconf 86' lang='lat' dir='ltr'>uno,</span> 
     </span>
     <span class='ocr_line' id='line_1_24' title="bbox 560 3269 1582 3359; baseline -0.006 -22"><span class='ocrx_word' id='word_1_154' title='bbox 560 3273 633 3337; x_wconf 87' lang='lat' dir='ltr'>Hoc</span> <span class='ocrx_word' id='word_1_155' title='bbox 647 3278 734 3336; x_wconf 74' lang='lat' dir='ltr'>amat</span> <span class='ocrx_word' id='word_1_156' title='bbox 748 3279 781 3336; x_wconf 82' lang='lat' dir='ltr'>et</span> <span class='ocrx_word' id='word_1_157' title='bbox 793 3271 905 3335; x_wconf 79' lang='lat' dir='ltr'>laudnt</span> <span class='ocrx_word' id='word_1_158' title='bbox 917 3297 925 3333; x_wconf 87' lang='lat'><strong>:</strong></span> <span class='ocrx_word' id='word_1_159' title='bbox 948 3269 1135 3337; x_wconf 79' lang='lat' dir='ltr'>Matronam</span> <span class='ocrx_word' id='word_1_160' title='bbox 1148 3270 1273 3333; x_wconf 91' lang='lat' dir='ltr'>nullam</span> <span class='ocrx_word' id='word_1_161' title='bbox 1287 3290 1348 3352; x_wconf 82' lang='lat' dir='ltr'>ego</span> <span class='ocrx_word' id='word_1_162' title='bbox 1360 3275 1475 3353; x_wconf 82' lang='lat' dir='ltr'>tango.</span> <span class='ocrx_word' id='word_1_163' title='bbox 1581 3337 1582 3359; x_wconf 14' lang='grc' dir='ltr'>χ</span> 
     </span>
     <span class='ocr_line' id='line_1_25' title="bbox 559 3379 1582 3465; baseline -0.009 -18"><span class='ocrx_word' id='word_1_164' title='bbox 559 3384 608 3448; x_wconf 86' lang='lat' dir='ltr'>Ut</span> <span class='ocrx_word' id='word_1_165' title='bbox 622 3381 783 3465; x_wconf 78' lang='lat' dir='ltr'>quondum</span> <span class='ocrx_word' id='word_1_166' title='bbox 798 3381 964 3458; x_wconf 73' lang='lat' dir='ltr'>Marsaeus,</span> <span class='ocrx_word' id='word_1_167' title='bbox 981 3387 1106 3444; x_wconf 79' lang='lat' dir='ltr'>amator</span> <span class='ocrx_word' id='word_1_168' title='bbox 1120 3379 1263 3462; x_wconf 85' lang='lat' dir='ltr'>Originis</span> <span class='ocrx_word' id='word_1_169' title='bbox 1276 3379 1343 3457; x_wconf 89' lang='lat' dir='ltr'>ille,</span> <span class='ocrx_word' id='word_1_170' title='bbox 1515 3380 1550 3439; x_wconf 84' lang='lat'>55</span> <span class='ocrx_word' id='word_1_171' title='bbox 1581 3391 1582 3464; x_wconf 46' lang='grc' dir='ltr'>ζ</span> 
     </span>
     <span class='ocr_line' id='line_1_26' title="bbox 559 3488 1582 3574; baseline -0.004 -16"><span class='ocrx_word' id='word_1_172' title='bbox 559 3491 625 3558; x_wconf 82' lang='lat' dir='ltr'>Qui</span> <span class='ocrx_word' id='word_1_173' title='bbox 640 3491 780 3574; x_wconf 83' lang='lat' dir='ltr'>patrium</span> <span class='ocrx_word' id='word_1_174' title='bbox 795 3491 903 3555; x_wconf 79' lang='lat' dir='ltr'>mimre</span> <span class='ocrx_word' id='word_1_175' title='bbox 917 3490 1016 3554; x_wconf 90' lang='lat' dir='ltr'>donat</span> <span class='ocrx_word' id='word_1_176' title='bbox 1029 3488 1229 3572; x_wconf 83' lang='lat' dir='ltr'>fimdumqoe</span> <span class='ocrx_word' id='word_1_177' title='bbox 1242 3489 1421 3573; x_wconf 77' lang='lat' dir='ltr'>laremque,</span> <span class='ocrx_word' id='word_1_178' title='bbox 1581 3559 1582 3572; x_wconf 11' lang='grc' dir='ltr'>χ</span> 
     </span>
     <span class='ocr_line' id='line_1_27' title="bbox 558 3583 1582 3684; baseline -0.001 -20"><span class='ocrx_word' id='word_1_179' title='bbox 558 3601 615 3665; x_wconf 81' lang='lat' dir='ltr'>uu</span> <span class='ocrx_word' id='word_1_180' title='bbox 630 3601 727 3664; x_wconf 64' lang='lat' dir='ltr'>nent</span> <span class='ocrx_word' id='word_1_181' title='bbox 742 3601 796 3678; x_wconf 78' lang='lat' dir='ltr'>mi,</span> <span class='ocrx_word' id='word_1_182' title='bbox 812 3593 928 3684; x_wconf 82' lang='lat' dir='ltr'>in&#39;quit,</span> <span class='ocrx_word' id='word_1_183' title='bbox 944 3621 1018 3663; x_wconf 74' lang='lat' dir='ltr'>eum</span> <span class='ocrx_word' id='word_1_184' title='bbox 1033 3599 1186 3663; x_wconf 69' lang='lat' dir='ltr'>uxoribus</span> <span class='ocrx_word' id='word_1_185' title='bbox 1199 3619 1354 3682; x_wconf 75' lang='lat' dir='ltr'>umqum</span> <span class='ocrx_word' id='word_1_186' title='bbox 1368 3599 1496 3664; x_wconf 74' lang='lat' dir='ltr'>menn.</span> <span class='ocrx_word' id='word_1_187' title='bbox 1581 3583 1582 3648; x_wconf 77' lang='grc' dir='ltr'>ἰ</span> 
     </span>
     <span class='ocr_line' id='line_1_28' title="bbox 558 3707 1582 3800; baseline -0.002 -25"><span class='ocrx_word' id='word_1_188' title='bbox 558 3714 680 3775; x_wconf 85' lang='lat' dir='ltr'>Verum</span> <span class='ocrx_word' id='word_1_189' title='bbox 696 3717 746 3775; x_wconf 84' lang='lat' dir='ltr'>est</span> <span class='ocrx_word' id='word_1_190' title='bbox 761 3731 835 3775; x_wconf 89' lang='lat' dir='ltr'>cum</span> <span class='ocrx_word' id='word_1_191' title='bbox 849 3710 966 3786; x_wconf 82' lang='lat' dir='ltr'>mimis,</span> <span class='ocrx_word' id='word_1_192' title='bbox 984 3717 1034 3773; x_wconf 83' lang='lat' dir='ltr'>cst</span> <span class='ocrx_word' id='word_1_193' title='bbox 1048 3729 1123 3772; x_wconf 90' lang='lat' dir='ltr'>cum</span> <span class='ocrx_word' id='word_1_194' title='bbox 1138 3707 1368 3786; x_wconf 81' lang='lat' dir='ltr'>meretricibus,</span> <span class='ocrx_word' id='word_1_195' title='bbox 1382 3709 1478 3773; x_wconf 89' lang='lat' dir='ltr'>unde</span> <span class='ocrx_word' id='word_1_196' title='bbox 1581 3707 1582 3800; x_wconf 67' lang='lat' dir='ltr'>l</span> 
     </span>
     <span class='ocr_line' id='line_1_29' title="bbox 558 3819 1582 3904; baseline -0.007 -18"><span class='ocrx_word' id='word_1_197' title='bbox 558 3823 659 3886; x_wconf 76' lang='lat' dir='ltr'>Fama</span> <span class='ocrx_word' id='word_1_198' title='bbox 672 3821 792 3886; x_wconf 87' lang='lat' dir='ltr'>malum</span> <span class='ocrx_word' id='word_1_199' title='bbox 808 3821 936 3904; x_wconf 74' lang='lat' dir='ltr'>gravium</span> <span class='ocrx_word' id='word_1_200' title='bbox 952 3841 1047 3902; x_wconf 83' lang='lat' dir='ltr'>quam</span> <span class='ocrx_word' id='word_1_201' title='bbox 1062 3840 1113 3882; x_wconf 84' lang='lat' dir='ltr'>res</span> <span class='ocrx_word' id='word_1_202' title='bbox 1128 3819 1240 3882; x_wconf 83' lang='lat' dir='ltr'>trahit.</span> <span class='ocrx_word' id='word_1_203' title='bbox 1285 3823 1340 3883; x_wconf 90' lang='lat' dir='ltr'>An</span> <span class='ocrx_word' id='word_1_204' title='bbox 1353 3819 1420 3884; x_wconf 88' lang='lat' dir='ltr'>tibi</span> <span class='ocrx_word' id='word_1_205' title='bbox 1434 3819 1556 3884; x_wconf 80' lang='lat' dir='ltr'>abunde</span> <span class='ocrx_word' id='word_1_206' title='bbox 1581 3827 1582 3836; x_wconf 77' lang='grc'>’</span> 
     </span>
     <span class='ocr_line' id='line_1_30' title="bbox 558 3929 1556 4012; baseline -0.004 -15"><span class='ocrx_word' id='word_1_207' title='bbox 558 3936 732 3998; x_wconf 88' lang='lat' dir='ltr'>Personam</span> <span class='ocrx_word' id='word_1_208' title='bbox 746 3931 824 3994; x_wconf 82' lang='lat' dir='ltr'>sctis</span> <span class='ocrx_word' id='word_1_209' title='bbox 838 3939 899 4007; x_wconf 84' lang='lat' dir='ltr'>cst,</span> <span class='ocrx_word' id='word_1_210' title='bbox 913 3951 980 3994; x_wconf 88' lang='lat' dir='ltr'>non</span> <span class='ocrx_word' id='word_1_211' title='bbox 993 3929 1084 4008; x_wconf 88' lang='lat' dir='ltr'>illud,</span> <span class='ocrx_word' id='word_1_212' title='bbox 1100 3929 1256 4012; x_wconf 86' lang='lat' dir='ltr'>quidquid</span> <span class='ocrx_word' id='word_1_213' title='bbox 1269 3929 1389 4012; x_wconf 89' lang='lat' dir='ltr'>ubiquc</span> <span class='ocrx_word' id='word_1_214' title='bbox 1518 3931 1556 3993; x_wconf 84' lang='grc'>60</span> 
     </span>
     <span class='ocr_line' id='line_1_31' title="bbox 558 4039 1336 4123; baseline -0.006 -16"><span class='ocrx_word' id='word_1_215' title='bbox 558 4043 678 4121; x_wconf 88' lang='lat' dir='ltr'>Officit,</span> <span class='ocrx_word' id='word_1_216' title='bbox 693 4041 838 4105; x_wconf 77' lang='lat' dir='ltr'>evitare?</span> <span class='ocrx_word' id='word_1_217' title='bbox 883 4041 1008 4104; x_wconf 85' lang='lat' dir='ltr'>Bonam</span> <span class='ocrx_word' id='word_1_218' title='bbox 1022 4039 1193 4123; x_wconf 87' lang='lat' dir='ltr'>deperdere</span> <span class='ocrx_word' id='word_1_219' title='bbox 1207 4039 1336 4118; x_wconf 79' lang='lat' dir='ltr'>famam,</span> 
     </span>
    </p>

    <p class='ocr_par' dir='ltr' id='par_1_12' title="bbox 557 4148 1555 4343">
     <span class='ocr_line' id='line_1_32' title="bbox 559 4148 1555 4236; baseline -0.003 -19"><span class='ocrx_word' id='word_1_220' title='bbox 559 4155 640 4218; x_wconf 86' lang='lat' dir='ltr'>Rem</span> <span class='ocrx_word' id='word_1_221' title='bbox 655 4151 753 4236; x_wconf 83' lang='lat' dir='ltr'>patris</span> <span class='ocrx_word' id='word_1_222' title='bbox 761 4149 926 4228; x_wconf 83' lang='lat' dir='ltr'>oblimare,</span> <span class='ocrx_word' id='word_1_223' title='bbox 937 4150 1057 4213; x_wconf 89' lang='lat' dir='ltr'>malum</span> <span class='ocrx_word' id='word_1_224' title='bbox 1069 4157 1119 4214; x_wconf 86' lang='lat' dir='ltr'>cst</span> <span class='ocrx_word' id='word_1_225' title='bbox 1127 4148 1333 4232; x_wconf 88' lang='lat' dir='ltr'>ubicumque.</span> <span class='ocrx_word' id='word_1_226' title='bbox 1357 4149 1451 4216; x_wconf 77' lang='lat' dir='ltr'>Quid</span> <span class='ocrx_word' id='word_1_227' title='bbox 1462 4153 1555 4216; x_wconf 82' lang='lat' dir='ltr'>inter·</span> 
     </span>
     <span class='ocr_line' id='line_1_33' title="bbox 557 4260 1405 4343; baseline -0.014 -16"><span class='ocrx_word' id='word_1_228' title='bbox 557 4264 617 4327; x_wconf 84' lang='lat' dir='ltr'>Est</span> <span class='ocrx_word' id='word_1_229' title='bbox 630 4262 666 4325; x_wconf 86' lang='lat' dir='ltr'>in</span> <span class='ocrx_word' id='word_1_230' title='bbox 680 4268 837 4339; x_wconf 81' lang='lat' dir='ltr'>matrona,</span> <span class='ocrx_word' id='word_1_231' title='bbox 853 4260 969 4324; x_wconf 85' lang='lat' dir='ltr'>ancilla</span> <span class='ocrx_word' id='word_1_232' title='bbox 982 4279 1134 4343; x_wconf 88' lang='lat' dir='ltr'>peccesne</span> <span class='ocrx_word' id='word_1_233' title='bbox 1148 4261 1283 4343; x_wconf 78' lang='lat' dir='ltr'>togato?</span> <span class='ocrx_word' id='word_1_234' title='bbox 1401 4310 1405 4315; x_wconf 83' lang='lat'><strong>.</strong></span> 
     </span>
    </p>

    <p class='ocr_par' dir='ltr' id='par_1_13' title="bbox 558 4369 1361 4452">
     <span class='ocr_line' id='line_1_34' title="bbox 558 4369 1361 4452; baseline -0.002 -18"><span class='ocrx_word' id='word_1_235' title='bbox 558 4371 675 4436; x_wconf 81' lang='lat' dir='ltr'>Villius</span> <span class='ocrx_word' id='word_1_236' title='bbox 690 4371 725 4433; x_wconf 91' lang='lat' dir='ltr'>in</span> <span class='ocrx_word' id='word_1_237' title='bbox 740 4369 858 4433; x_wconf 82' lang='lat' dir='ltr'>Fausto</span> <span class='ocrx_word' id='word_1_238' title='bbox 875 4369 973 4433; x_wconf 81' lang='lat' dir='ltr'>Sulloe</span> <span class='ocrx_word' id='word_1_239' title='bbox 987 4389 1094 4452; x_wconf 83' lang='lat' dir='ltr'>gener,</span> <span class='ocrx_word' id='word_1_240' title='bbox 1108 4369 1171 4433; x_wconf 89' lang='lat' dir='ltr'>boc</span> <span class='ocrx_word' id='word_1_241' title='bbox 1183 4369 1281 4432; x_wconf 89' lang='lat' dir='ltr'>miser</span> <span class='ocrx_word' id='word_1_242' title='bbox 1294 4389 1361 4434; x_wconf 90' lang='lat' dir='ltr'>uno</span> 
     </span>
    </p>

    <p class='ocr_par' dir='ltr' id='par_1_14' title="bbox 557 4477 1582 4561">
     <span class='ocr_line' id='line_1_35' title="bbox 557 4477 1582 4561; baseline 0.001 -19"><span class='ocrx_word' id='word_1_243' title='bbox 557 4478 698 4542; x_wconf 82' lang='lat' dir='ltr'>Nomine</span> <span class='ocrx_word' id='word_1_244' title='bbox 712 4477 875 4560; x_wconf 85' lang='lat' dir='ltr'>deceptus,</span> <span class='ocrx_word' id='word_1_245' title='bbox 890 4497 1001 4560; x_wconf 82' lang='lat' dir='ltr'>poenas</span> <span class='ocrx_word' id='word_1_246' title='bbox 1015 4477 1105 4541; x_wconf 86' lang='lat' dir='ltr'>dedit</span> <span class='ocrx_word' id='word_1_247' title='bbox 1119 4499 1220 4560; x_wconf 90' lang='lat' dir='ltr'>usque</span> <span class='ocrx_word' id='word_1_248' title='bbox 1234 4499 1393 4561; x_wconf 86' lang='lat' dir='ltr'>superque</span> <span class='ocrx_word' id='word_1_249' title='bbox 1517 4483 1554 4543; x_wconf 88' lang='lat'>65</span> <span class='ocrx_word' id='word_1_250' title='bbox 1581 4537 1582 4550; x_wconf 70' lang='grc'>,</span> 
     </span>
    </p>
   </div>
   <div class='ocr_carea' id='block_1_3' title="bbox 667 4649 1582 4712">
    <p class='ocr_par' dir='ltr' id='par_1_15' title="bbox 667 4649 1582 4712">
     <span class='ocr_line' id='line_1_36' title="bbox 667 4649 1582 4712; baseline 0.008 -14"><span class='ocrx_word' id='word_1_251' title='bbox 667 4651 707 4698; x_wconf 78' lang='lat'>³4.</span> <span class='ocrx_word' id='word_1_252' title='bbox 726 4649 737 4698; x_wconf 76' lang='lat' dir='ltr'>i</span> <span class='ocrx_word' id='word_1_253' title='bbox 750 4653 889 4712; x_wconf 76' lang='lat' dir='ltr'>usquamst.</span> <span class='ocrx_word' id='word_1_254' title='bbox 955 4650 995 4702; x_wconf 78' lang='lat'>37.</span> <span class='ocrx_word' id='word_1_255' title='bbox 1014 4653 1162 4701; x_wconf 82' lang='lat' dir='ltr'>i’audirost.</span> <span class='ocrx_word' id='word_1_256' title='bbox 1229 4653 1271 4702; x_wconf 81' lang='lat'>62.</span> <span class='ocrx_word' id='word_1_257' title='bbox 1290 4652 1446 4704; x_wconf 74' lang='lat' dir='ltr'>imolnmst.</span> <span class='ocrx_word' id='word_1_258' title='bbox 1581 4652 1582 4667; x_wconf 62' lang='lat'>¹</span> 
     </span>
    </p>
   </div>
   <div class='ocr_carea' id='block_1_4' title="bbox 671 4759 1582 5024">
    <p class='ocr_par' dir='ltr' id='par_1_16' title="bbox 671 4759 1582 5104">
     <span class='ocr_line' id='line_1_37' title="bbox 1581 4759 1582 4814; baseline 0 0"><span class='ocrx_word' id='word_1_259' title='bbox 1581 4759 1582 4814; x_wconf 77' lang='lat' dir='ltr'>l</span> 
     </span>
     <span class='ocr_line' id='line_1_38' title="bbox 1581 4839 1582 4848; baseline 0 0"><span class='ocrx_word' id='word_1_260' title='bbox 1581 4839 1582 4848; x_wconf 19' lang='lat' dir='ltr'>l</span> 
     </span>
     <span class='ocr_line' id='line_1_39' title="bbox 1581 4863 1582 4950; baseline 0 0"><span class='ocrx_word' id='word_1_261' title='bbox 1581 4863 1582 4950; x_wconf 83' lang='lat' dir='ltr'>l</span> 
     </span>
     <span class='ocr_line' id='line_1_40' title="bbox 671 5006 779 5024; baseline -0.002 0"><span class='ocrx_word' id='word_1_262' title='bbox 671 5006 779 5024; x_wconf 51' lang='grc' dir='ltr'>*ιι</span> 
     </span>
    </p>
   </div>
   <div class='ocr_carea' id='block_1_5' title="bbox 0 0 1736 5667">
    <p class='ocr_par' dir='ltr' id='par_1_17' title="bbox 0 0 1736 5667">
     <span class='ocr_line' id='line_1_41' title="bbox 0 0 1736 5667; baseline 0 0"><span class='ocrx_word' id='word_1_263' title='bbox 0 0 1736 5667; x_wconf 95' lang='lat' dir='ltr'> </span> 
     </span>
    </p>
   </div>
  </div>
 </body>
</html>
