3450 5667
530 735 752 794 ommutuit
788 735 868 794 ΜΒ.
890 735 935 792 Π.
957 734 1035 792 xviii.

322 904 384 968 Nec
397 905 565 972 lruoouicas
580 905 660 970 mihi

357 1014 491 1081 'habunt
503 1015 648 1083 honeste
662 1037 819 1101 purpuras
833 1015 970 1080 clienta

320 1126 361 1189 At
373 1126 443 1191 fides
457 1136 489 1192 et
503 1127 616 1212 ingeni

224 1236 255 1296 10
357 1237 491 1321 Benigne
504 1260 587 1303 vena
601 1245 661 1316 est,
676 1257 912 1322 pauperemque
925 1235 1014 1300 dives

321 1343 371 1408 Me
383 1346 476 1430 petit3
497 1347 582 1410 nihil
598 1367 695 1431 supra

358 1458 435 1522 Deos
448 1459 577 1538 lacesso,
592 1479 653 1523 nec
668 1465 832 1544 potentem
847 1458 988 1522 amicum

323 1567 457 1653 largiora
469 1569 592 1654 sagio,

359 1680 433 1744 Satis
446 1680 558 1745 beatus
572 1679 677 1744 unicis
693 1680 830 1745 Sabinis.

228 1788 256 1848 15
324 1773 456 1857 nuum
469 1793 538 1858 us
552 1793 615 1871 ue,

360 1903 509 1989 Novasque
525 1913 665 1990 pergunt
679 1905 810 1970 interire
825 1905 944 1970 Lunae:

325 2014 366 2078 'l'u
379 2017 502 2080 secanda
517 2037 678 2081 marmora

362 2125 452 2190 Irocus
465 2128 525 2192 sub
539 2129 644 2212 ipsum
660 2127 778 2206 funus3
801 2136 835 2193 et
849 2129 985 2213 sepulcri

326 2235 479 2302 Immemor
492 2239 592 2302 struis
606 2238 730 2319 domos,

229 2341 261 2402 20
361 2345 513 2434 Marioque
528 2349 605 2414 Bais
619 2349 832 2434 obstrepentis
845 2371 942 2434 urges

328 2461 514 2530 Summovere
528 2465 633 2542 litora,

365 2573 469 2639 Parum
482 2576 622 2662 locuples
636 2575 823 2640 continente
837 2577 916 2661 ripa

329 2682 413 2762 Quid,
428 2687 507 2770 quod
523 2707 624 2771 usque
638 2687 799 2771 proximos
894 2740 902 2756 .

365 2793 488 2862 Revulu
502 2789 572 2882 agri
585 2797 751 2877 terminos,
767 2805 801 2862 et
814 2797 901 2862 ultra

231 2900 262 2964 25
330 2907 445 2976 Limites
458 2912 622 2977 clientium

366 3020 439 3085 Salis
452 3025 588 3088 avarus?
610 3023 740 3108 pellitur
754 3031 904 3108 paternos

330 3129 365 3192 Iu
378 3131 442 3197 sinu
456 3135 558 3200 ferens
573 3135 648 3200 deos

365 3242 404 3306 Ilt
415 3266 500 3326 uxor,
514 3253 547 3310 et
561 3245 619 3325 vir,
636 3245 842 3330 sordidosque
856 3252 959 3310 natos.

329 3350 417 3417 Nulla
429 3355 539 3420 certior
552 3364 663 3434 tamen

230 3454 262 3515 3⁰
367 3463 489 3550 Rapacis
502 3467 579 3533 Orci
593 3467 657 3531 fine
672 3465 832 3531 destinata

327 3573 402 3638 Auls
414 3577 537 3643 divitem
553 3587 663 3642 manet

364 3685 467 3752 Erum.
510 3689 599 3756 Quid
614 3688 699 3753 ultra
713 3687 844 3754 tendis?
888 3688 996 3773 AEqua
1009 3689 1105 3754 tellus

328 3794 451 3882 Pauperi
465 3800 637 3865 recluditur

366 3906 543 3995 Regiumque
556 3909 676 3995 pueris,
692 3930 752 3974 nec
766 3909 892 3974 satelles
906 3910 983 3975 Orci

229 4007 259 4070 35
329 4016 474 4085 Callidum
489 4022 683 4087 Promethea

367 4129 490 4198 Revexit
504 4155 581 4199 auro
595 4141 716 4219 captus.
763 4133 829 4197 Hic
843 4133 1015 4218 superbum

327 4239 492 4323 Tantalum,
507 4255 603 4330 atque
618 4244 745 4310 Tantali
1036 4319 1041 4326 ¹

368 4353 469 4420 Genus
482 4361 605 4423 ooiiroet
616 4384 626 4436 ;
649 4357 702 4421 hic
716 4358 821 4421 levare
834 4357 984 4421 functum

331 4461 493 4549 Pauperem
507 4467 670 4534 laboribus

233 4566 263 4625 40
369 4575 498 4645 Vocatus
512 4589 610 4666 atque
624 4601 691 4646 non
706 4587 836 4645 vocatus
851 4579 951 4644 audit.

394 4737 430 4786 10.
446 4741 562 4794 luerunt.
630 4746 670 4792 20.
688 4743 766 4792 Baiis,
833 4743 873 4790 32.
893 4741 999 4791 ilerum.
