<?xml version="1.0" encoding="UTF-8"?>
<!DOCTYPE html PUBLIC "-//W3C//DTD XHTML 1.0 Transitional//EN"
    "http://www.w3.org/TR/xhtml1/DTD/xhtml1-transitional.dtd">
<html xmlns="http://www.w3.org/1999/xhtml" xml:lang="en" lang="en">
 <head>
  <title>
</title>
<meta http-equiv="Content-Type" content="text/html;charset=utf-8" />
  <meta name='ocr-system' content='tesseract 3.04.00' />
  <meta name='ocr-capabilities' content='ocr_page ocr_carea ocr_par ocr_line ocrx_word'/>
</head>
<body>
  <div class='ocr_page' id='page_1' title='image "./quintihoratifla01horagoog_0154.png"; bbox 0 0 3450 5667; ppageno 0'>
   <div class='ocr_carea' id='block_1_1' title="bbox 352 2269 553 2441">
    <p class='ocr_par' dir='ltr' id='par_1_1' title="bbox 352 2269 553 2441">
     <span class='ocr_line' id='line_1_1' title="bbox 353 2269 553 2313; baseline 0 0"><span class='ocrx_word' id='word_1_1' title='bbox 353 2270 405 2313; x_wconf 70' lang='lat' dir='ltr'>sse.</span> <span class='ocrx_word' id='word_1_2' title='bbox 414 2270 439 2313; x_wconf 82' lang='lat' dir='ltr'>c.</span> <span class='ocrx_word' id='word_1_3' title='bbox 449 2269 468 2311; x_wconf 90' lang='lat'>1.</span> <span class='ocrx_word' id='word_1_4' title='bbox 478 2270 511 2311; x_wconf 74' lang='lat'>2⁷.</span> <span class='ocrx_word' id='word_1_5' title='bbox 519 2270 553 2313; x_wconf 72' lang='lat'>21.</span> 
     </span>
     <span class='ocr_line' id='line_1_2' title="bbox 352 2387 551 2441; baseline 0.005 -11"><span class='ocrx_word' id='word_1_6' title='bbox 352 2391 386 2441; x_wconf 80' lang='lat'>⁴⁶·</span> <span class='ocrx_word' id='word_1_7' title='bbox 396 2387 484 2441; x_wconf 76' lang='lat' dir='ltr'>ltp.17.t</span> <span class='ocrx_word' id='word_1_8' title='bbox 492 2388 551 2431; x_wconf 65' lang='grc' dir='ltr'>ΜΒ.</span> 
     </span>
    </p>
   </div>
   <div class='ocr_carea' id='block_1_2' title="bbox 766 760 1148 834">
    <p class='ocr_par' dir='ltr' id='par_1_2' title="bbox 766 760 1148 834">
     <span class='ocr_line' id='line_1_3' title="bbox 766 760 1148 834; baseline 0.008 -16"><span class='ocrx_word' id='word_1_9' title='bbox 766 760 802 834; x_wconf 80' lang='lat' dir='ltr'>Q.</span> <span class='ocrx_word' id='word_1_10' title='bbox 824 762 985 821; x_wconf 71' lang='lat' dir='ltr'>nomi</span> <span class='ocrx_word' id='word_1_11' title='bbox 1002 762 1148 822; x_wconf 76' lang='lat' dir='ltr'><em>FLAOOI</em></span> 
     </span>
    </p>
   </div>
   <div class='ocr_carea' id='block_1_3' title="bbox 647 924 1276 1013">
    <p class='ocr_par' dir='ltr' id='par_1_3' title="bbox 647 924 1276 1013">
     <span class='ocr_line' id='line_1_4' title="bbox 647 924 1276 1013; baseline -0.002 -21"><span class='ocrx_word' id='word_1_12' title='bbox 647 924 762 1008; x_wconf 62' lang='lat' dir='ltr'>Imago</span> <span class='ocrx_word' id='word_1_13' title='bbox 776 924 830 989; x_wconf 87' lang='lat' dir='ltr'>die</span> <span class='ocrx_word' id='word_1_14' title='bbox 844 926 895 990; x_wconf 88' lang='lat' dir='ltr'>bis</span> <span class='ocrx_word' id='word_1_15' title='bbox 909 932 1023 1009; x_wconf 81' lang='lat' dir='ltr'>terque</span> <span class='ocrx_word' id='word_1_16' title='bbox 1038 934 1174 992; x_wconf 69' lang='lat' dir='ltr'>mutatas</span> <span class='ocrx_word' id='word_1_17' title='bbox 1188 927 1276 1013; x_wconf 89' lang='lat' dir='ltr'>dapis</span> 
     </span>
    </p>
   </div>
   <div class='ocr_carea' id='block_1_4' title="bbox 690 1036 1054 1121">
    <p class='ocr_par' dir='ltr' id='par_1_4' title="bbox 690 1036 1054 1121">
     <span class='ocr_line' id='line_1_5' title="bbox 690 1036 1054 1121; baseline 0.003 -21"><span class='ocrx_word' id='word_1_18' title='bbox 690 1036 835 1101; x_wconf 82' lang='lat' dir='ltr'>Inemorl</span> <span class='ocrx_word' id='word_1_19' title='bbox 850 1038 1054 1121; x_wconf 70' lang='lat' dir='ltr'>spectacul03</span> 
     </span>
    </p>
   </div>
   <div class='ocr_carea' id='block_1_5' title="bbox 648 1144 1539 4094">
    <p class='ocr_par' dir='ltr' id='par_1_5' title="bbox 648 1144 1539 4094">
     <span class='ocr_line' id='line_1_6' title="bbox 648 1144 1504 1233; baseline -0.004 -21"><span class='ocrx_word' id='word_1_20' title='bbox 648 1144 761 1212; x_wconf 81' lang='lat' dir='ltr'>Quum</span> <span class='ocrx_word' id='word_1_21' title='bbox 775 1148 973 1231; x_wconf 80' lang='lat' dir='ltr'>promineret</span> <span class='ocrx_word' id='word_1_22' title='bbox 987 1168 1053 1226; x_wconf 86' lang='lat' dir='ltr'>ore,</span> <span class='ocrx_word' id='word_1_23' title='bbox 1068 1156 1361 1231; x_wconf 25' lang='lat' dir='ltr'>quantum‘exstant</span> <span class='ocrx_word' id='word_1_24' title='bbox 1374 1170 1441 1233; x_wconf 86' lang='lat' dir='ltr'>aqua</span> <span class='ocrx_word' id='word_1_25' title='bbox 1477 1150 1504 1209; x_wconf 81' lang='lat'>35</span> 
     </span>
     <span class='ocr_line' id='line_1_7' title="bbox 693 1260 1150 1343; baseline 0.002 -20"><span class='ocrx_word' id='word_1_26' title='bbox 693 1260 856 1342; x_wconf 85' lang='lat' dir='ltr'>Suspensa</span> <span class='ocrx_word' id='word_1_27' title='bbox 869 1266 982 1323; x_wconf 91' lang='lat' dir='ltr'>mento</span> <span class='ocrx_word' id='word_1_28' title='bbox 997 1280 1150 1343; x_wconf 88' lang='lat' dir='ltr'>corpora:</span> 
     </span>
     <span class='ocr_line' id='line_1_8' title="bbox 649 1368 1303 1455; baseline 0.005 -22"><span class='ocrx_word' id='word_1_29' title='bbox 649 1370 793 1433; x_wconf 80' lang='lat' dir='ltr'>Exsucta</span> <span class='ocrx_word' id='word_1_30' title='bbox 805 1369 856 1431; x_wconf 89' lang='lat' dir='ltr'>uti</span> <span class='ocrx_word' id='word_1_31' title='bbox 870 1368 1013 1433; x_wconf 76' lang='lat' dir='ltr'><strong>medulla</strong></span> <span class='ocrx_word' id='word_1_32' title='bbox 1027 1378 1060 1434; x_wconf 84' lang='lat' dir='ltr'>et</span> <span class='ocrx_word' id='word_1_33' title='bbox 1075 1370 1200 1435; x_wconf 90' lang='lat' dir='ltr'>aridum</span> <span class='ocrx_word' id='word_1_34' title='bbox 1212 1371 1303 1455; x_wconf 87' lang='lat' dir='ltr'>jecur</span> 
     </span>
     <span class='ocr_line' id='line_1_9' title="bbox 692 1478 1098 1563; baseline -0.002 -18"><span class='ocrx_word' id='word_1_35' title='bbox 692 1478 823 1545; x_wconf 77' lang='lat' dir='ltr'>Amoris</span> <span class='ocrx_word' id='word_1_36' title='bbox 837 1488 922 1545; x_wconf 87' lang='lat' dir='ltr'>esset</span> <span class='ocrx_word' id='word_1_37' title='bbox 935 1480 1098 1563; x_wconf 89' lang='lat' dir='ltr'>poculum,</span> 
     </span>
     <span class='ocr_line' id='line_1_10' title="bbox 650 1589 1271 1672; baseline 0.008 -20"><span class='ocrx_word' id='word_1_38' title='bbox 650 1589 866 1653; x_wconf 84' lang='lat' dir='ltr'>Interminato</span> <span class='ocrx_word' id='word_1_39' title='bbox 881 1611 982 1672; x_wconf 91' lang='lat' dir='ltr'>quum</span> <span class='ocrx_word' id='word_1_40' title='bbox 997 1590 1099 1655; x_wconf 88' lang='lat' dir='ltr'>semel</span> <span class='ocrx_word' id='word_1_41' title='bbox 1112 1591 1184 1657; x_wconf 71' lang='lat' dir='ltr'>lixae</span> <span class='ocrx_word' id='word_1_42' title='bbox 1198 1592 1271 1657; x_wconf 91' lang='lat' dir='ltr'>cibo</span> 
     </span>
     <span class='ocr_line' id='line_1_11' title="bbox 694 1698 1511 1785; baseline -0.01 -20"><span class='ocrx_word' id='word_1_43' title='bbox 694 1699 917 1765; x_wconf 84' lang='lat' dir='ltr'>Intabuissent</span> <span class='ocrx_word' id='word_1_44' title='bbox 932 1700 1071 1785; x_wconf 73' lang='lat' dir='ltr'>pupula.</span> <span class='ocrx_word' id='word_1_45' title='bbox 1480 1698 1511 1757; x_wconf 77' lang='lat' dir='ltr'>to</span> 
     </span>
     <span class='ocr_line' id='line_1_12' title="bbox 651 1810 1204 1877; baseline 0.004 -2"><span class='ocrx_word' id='word_1_46' title='bbox 651 1811 730 1875; x_wconf 92' lang='lat' dir='ltr'>Non</span> <span class='ocrx_word' id='word_1_47' title='bbox 743 1810 883 1875; x_wconf 75' lang='lat' dir='ltr'>defuisse</span> <span class='ocrx_word' id='word_1_48' title='bbox 897 1812 1048 1877; x_wconf 72' lang='lat' dir='ltr'>masculae</span> <span class='ocrx_word' id='word_1_49' title='bbox 1061 1812 1204 1877; x_wconf 79' lang='lat' dir='ltr'>libidinis</span> 
     </span>
     <span class='ocr_line' id='line_1_13' title="bbox 692 1922 1088 2001; baseline 0 -14"><span class='ocrx_word' id='word_1_50' title='bbox 692 1922 931 1987; x_wconf 73' lang='lat' dir='ltr'>Ariminensem</span> <span class='ocrx_word' id='word_1_51' title='bbox 954 1922 1088 2001; x_wconf 83' lang='lat' dir='ltr'>Foliam,</span> 
     </span>
     <span class='ocr_line' id='line_1_14' title="bbox 650 2032 1141 2116; baseline -0.004 -18"><span class='ocrx_word' id='word_1_52' title='bbox 650 2034 696 2098; x_wconf 79' lang='lat' dir='ltr'>Et</span> <span class='ocrx_word' id='word_1_53' title='bbox 709 2032 813 2097; x_wconf 87' lang='lat' dir='ltr'>otiosa</span> <span class='ocrx_word' id='word_1_54' title='bbox 826 2032 961 2096; x_wconf 90' lang='lat' dir='ltr'>credidit</span> <span class='ocrx_word' id='word_1_55' title='bbox 975 2032 1141 2116; x_wconf 78' lang='lat' dir='ltr'>Neapolis,</span> 
     </span>
     <span class='ocr_line' id='line_1_15' title="bbox 695 2142 1194 2228; baseline -0.004 -19"><span class='ocrx_word' id='word_1_56' title='bbox 695 2146 740 2209; x_wconf 86' lang='lat' dir='ltr'>Et</span> <span class='ocrx_word' id='word_1_57' title='bbox 754 2164 850 2207; x_wconf 89' lang='lat' dir='ltr'>omne</span> <span class='ocrx_word' id='word_1_58' title='bbox 864 2142 1007 2208; x_wconf 82' lang='lat' dir='ltr'>vicinum</span> <span class='ocrx_word' id='word_1_59' title='bbox 1023 2143 1194 2228; x_wconf 68' lang='lat' dir='ltr'>oppidum</span> 
     </span>
     <span class='ocr_line' id='line_1_16' title="bbox 654 2248 1518 2323; baseline -0.002 0"><span class='ocrx_word' id='word_1_60' title='bbox 654 2257 737 2323; x_wconf 77' lang='lat' dir='ltr'>Qua</span> <span class='ocrx_word' id='word_1_61' title='bbox 750 2253 855 2318; x_wconf 82' lang='lat' dir='ltr'>sidera</span> <span class='ocrx_word' id='word_1_62' title='bbox 868 2262 1041 2318; x_wconf 85' lang='lat' dir='ltr'>excantata</span> <span class='ocrx_word' id='word_1_63' title='bbox 1053 2275 1129 2319; x_wconf 85' lang='lat' dir='ltr'>voce</span> <span class='ocrx_word' id='word_1_64' title='bbox 1143 2254 1296 2319; x_wconf 80' lang='lat' dir='ltr'>Thessala</span> <span class='ocrx_word' id='word_1_65' title='bbox 1486 2248 1518 2305; x_wconf 75' lang='lat'>45</span> 
     </span>
     <span class='ocr_line' id='line_1_17' title="bbox 697 2364 1130 2447; baseline -0.005 -18"><span class='ocrx_word' id='word_1_66' title='bbox 697 2365 890 2447; x_wconf 75' lang='lat' dir='ltr'>Lunamque</span> <span class='ocrx_word' id='word_1_67' title='bbox 904 2365 982 2430; x_wconf 83' lang='lat' dir='ltr'>caelo</span> <span class='ocrx_word' id='word_1_68' title='bbox 1004 2364 1130 2447; x_wconf 82' lang='lat' dir='ltr'>deripit.</span> 
     </span>
     <span class='ocr_line' id='line_1_18' title="bbox 651 2474 1241 2543; baseline -0.007 0"><span class='ocrx_word' id='word_1_69' title='bbox 651 2477 719 2543; x_wconf 89' lang='lat' dir='ltr'>Hic</span> <span class='ocrx_word' id='word_1_70' title='bbox 732 2479 920 2541; x_wconf 76' lang='lat' dir='ltr'>inresectum</span> <span class='ocrx_word' id='word_1_71' title='bbox 935 2498 1019 2541; x_wconf 81' lang='lat' dir='ltr'>saeva</span> <span class='ocrx_word' id='word_1_72' title='bbox 1033 2476 1130 2541; x_wconf 89' lang='lat' dir='ltr'>dente</span> <span class='ocrx_word' id='word_1_73' title='bbox 1143 2474 1241 2539; x_wconf 86' lang='lat' dir='ltr'>livido</span> 
     </span>
     <span class='ocr_line' id='line_1_19' title="bbox 694 2586 1122 2672; baseline -0.005 -19"><span class='ocrx_word' id='word_1_74' title='bbox 694 2587 830 2653; x_wconf 85' lang='lat' dir='ltr'>Canidia</span> <span class='ocrx_word' id='word_1_75' title='bbox 842 2586 959 2652; x_wconf 87' lang='lat' dir='ltr'>rodens</span> <span class='ocrx_word' id='word_1_76' title='bbox 973 2588 1122 2672; x_wconf 82' lang='lat' dir='ltr'>pollicem</span> 
     </span>
     <span class='ocr_line' id='line_1_20' title="bbox 651 2693 1421 2781; baseline -0.014 -14"><span class='ocrx_word' id='word_1_77' title='bbox 651 2699 741 2767; x_wconf 80' lang='lat' dir='ltr'>Quid</span> <span class='ocrx_word' id='word_1_78' title='bbox 755 2698 836 2762; x_wconf 85' lang='lat' dir='ltr'>dixit</span> <span class='ocrx_word' id='word_1_79' title='bbox 851 2706 908 2761; x_wconf 83' lang='lat' dir='ltr'>aut</span> <span class='ocrx_word' id='word_1_80' title='bbox 923 2698 1001 2781; x_wconf 90' lang='lat' dir='ltr'>quid</span> <span class='ocrx_word' id='word_1_81' title='bbox 1015 2698 1142 2762; x_wconf 84' lang='lat' dir='ltr'>tacuit?</span> <span class='ocrx_word' id='word_1_82' title='bbox 1165 2702 1188 2733; x_wconf 91' lang='lat'><em>“</em></span> <span class='ocrx_word' id='word_1_83' title='bbox 1199 2697 1230 2761; x_wconf 94' lang='grc' dir='ltr'>Ο</span> <span class='ocrx_word' id='word_1_84' title='bbox 1244 2696 1337 2761; x_wconf 87' lang='lat' dir='ltr'>rebus</span> <span class='ocrx_word' id='word_1_85' title='bbox 1350 2693 1421 2759; x_wconf 88' lang='lat' dir='ltr'>meis</span> 
     </span>
     <span class='ocr_line' id='line_1_21' title="bbox 695 2807 1086 2887; baseline -0.005 -13"><span class='ocrx_word' id='word_1_86' title='bbox 695 2810 773 2874; x_wconf 92' lang='lat' dir='ltr'>Non</span> <span class='ocrx_word' id='word_1_87' title='bbox 786 2807 932 2873; x_wconf 87' lang='lat' dir='ltr'>infideles</span> <span class='ocrx_word' id='word_1_88' title='bbox 947 2808 1086 2887; x_wconf 75' lang='lat' dir='ltr'>arbitra,</span> 
     </span>
     <span class='ocr_line' id='line_1_22' title="bbox 650 2920 1282 3004; baseline -0.003 -19"><span class='ocrx_word' id='word_1_89' title='bbox 650 2920 728 2985; x_wconf 81' lang='lat' dir='ltr'>Nox</span> <span class='ocrx_word' id='word_1_90' title='bbox 741 2927 775 2984; x_wconf 90' lang='lat' dir='ltr'>et</span> <span class='ocrx_word' id='word_1_91' title='bbox 789 2920 906 2998; x_wconf 89' lang='lat' dir='ltr'>Diana,</span> <span class='ocrx_word' id='word_1_92' title='bbox 923 2940 994 3003; x_wconf 83' lang='lat' dir='ltr'>quae</span> <span class='ocrx_word' id='word_1_93' title='bbox 1009 2920 1173 2983; x_wconf 86' lang='lat' dir='ltr'>silentium</span> <span class='ocrx_word' id='word_1_94' title='bbox 1187 2921 1282 3004; x_wconf 86' lang='lat' dir='ltr'>regis,</span> 
     </span>
     <span class='ocr_line' id='line_1_23' title="bbox 694 3030 1122 3105; baseline -0.009 -11"><span class='ocrx_word' id='word_1_95' title='bbox 694 3032 823 3094; x_wconf 87' lang='lat' dir='ltr'>Arcana</span> <span class='ocrx_word' id='word_1_96' title='bbox 836 3050 911 3092; x_wconf 89' lang='lat' dir='ltr'>cum</span> <span class='ocrx_word' id='word_1_97' title='bbox 926 3030 1009 3091; x_wconf 85' lang='lat' dir='ltr'>fiunt</span> <span class='ocrx_word' id='word_1_98' title='bbox 1023 3049 1122 3105; x_wconf 84' lang='lat' dir='ltr'>sacra,</span> 
     </span>
     <span class='ocr_line' id='line_1_24' title="bbox 652 3137 1423 3219; baseline -0.008 -15"><span class='ocrx_word' id='word_1_99' title='bbox 652 3141 760 3219; x_wconf 89' lang='lat' dir='ltr'>Nunc,</span> <span class='ocrx_word' id='word_1_100' title='bbox 775 3160 863 3203; x_wconf 90' lang='lat' dir='ltr'>nunc</span> <span class='ocrx_word' id='word_1_101' title='bbox 878 3140 1006 3203; x_wconf 87' lang='lat' dir='ltr'>adeste:</span> <span class='ocrx_word' id='word_1_102' title='bbox 1030 3158 1117 3201; x_wconf 91' lang='lat' dir='ltr'>nunc</span> <span class='ocrx_word' id='word_1_103' title='bbox 1131 3138 1166 3201; x_wconf 91' lang='lat' dir='ltr'>in</span> <span class='ocrx_word' id='word_1_104' title='bbox 1180 3137 1305 3203; x_wconf 85' lang='lat' dir='ltr'>hostilis</span> <span class='ocrx_word' id='word_1_105' title='bbox 1319 3137 1423 3201; x_wconf 92' lang='lat' dir='ltr'>domos</span> 
     </span>
     <span class='ocr_line' id='line_1_25' title="bbox 696 3250 1172 3333; baseline -0.008 -16"><span class='ocrx_word' id='word_1_106' title='bbox 696 3252 785 3317; x_wconf 86' lang='lat' dir='ltr'>Iram</span> <span class='ocrx_word' id='word_1_107' title='bbox 799 3258 897 3333; x_wconf 87' lang='lat' dir='ltr'>atque</span> <span class='ocrx_word' id='word_1_108' title='bbox 911 3270 1032 3313; x_wconf 88' lang='lat' dir='ltr'>numen</span> <span class='ocrx_word' id='word_1_109' title='bbox 1046 3250 1172 3313; x_wconf 77' lang='lat' dir='ltr'>vertite.</span> 
     </span>
     <span class='ocr_line' id='line_1_26' title="bbox 652 3358 1292 3437; baseline -0.006 -10"><span class='ocrx_word' id='word_1_110' title='bbox 652 3362 881 3427; x_wconf 86' lang='lat' dir='ltr'>Formidolosis</span> <span class='ocrx_word' id='word_1_111' title='bbox 895 3361 974 3425; x_wconf 92' lang='lat' dir='ltr'>dum</span> <span class='ocrx_word' id='word_1_112' title='bbox 988 3359 1091 3423; x_wconf 78' lang='lat' dir='ltr'>latent</span> <span class='ocrx_word' id='word_1_113' title='bbox 1106 3360 1193 3423; x_wconf 83' lang='lat' dir='ltr'>silvis</span> <span class='ocrx_word' id='word_1_114' title='bbox 1206 3358 1292 3437; x_wconf 85' lang='lat' dir='ltr'>ferae,</span> 
     </span>
     <span class='ocr_line' id='line_1_27' title="bbox 695 3472 1107 3557; baseline -0.01 -18"><span class='ocrx_word' id='word_1_115' title='bbox 695 3475 793 3539; x_wconf 91' lang='lat' dir='ltr'>Dulci</span> <span class='ocrx_word' id='word_1_116' title='bbox 807 3494 921 3557; x_wconf 85' lang='lat' dir='ltr'>sopore</span> <span class='ocrx_word' id='word_1_117' title='bbox 935 3472 1107 3556; x_wconf 79' lang='lat' dir='ltr'>languidas,</span> 
     </span>
     <span class='ocr_line' id='line_1_28' title="bbox 653 3580 1356 3667; baseline -0.003 -20"><span class='ocrx_word' id='word_1_118' title='bbox 653 3584 781 3660; x_wconf 88' lang='lat' dir='ltr'>Senem,</span> <span class='ocrx_word' id='word_1_119' title='bbox 797 3584 883 3667; x_wconf 93' lang='lat' dir='ltr'>quod</span> <span class='ocrx_word' id='word_1_120' title='bbox 898 3604 1009 3647; x_wconf 90' lang='lat' dir='ltr'>omues</span> <span class='ocrx_word' id='word_1_121' title='bbox 1023 3581 1158 3659; x_wconf 82' lang='lat' dir='ltr'>rideant,</span> <span class='ocrx_word' id='word_1_122' title='bbox 1175 3580 1356 3646; x_wconf 84' lang='lat' dir='ltr'>adulterum</span> 
     </span>
     <span class='ocr_line' id='line_1_29' title="bbox 695 3694 1147 3770; baseline -0.004 -13"><span class='ocrx_word' id='word_1_123' title='bbox 695 3694 832 3757; x_wconf 81' lang='lat' dir='ltr'>Latrcnt</span> <span class='ocrx_word' id='word_1_124' title='bbox 848 3694 1027 3757; x_wconf 78' lang='lat' dir='ltr'>Suburanas</span> <span class='ocrx_word' id='word_1_125' title='bbox 1042 3713 1147 3770; x_wconf 90' lang='lat' dir='ltr'>canes,</span> 
     </span>
     <span class='ocr_line' id='line_1_30' title="bbox 651 3802 1357 3888; baseline -0.001 -21"><span class='ocrx_word' id='word_1_126' title='bbox 651 3804 764 3869; x_wconf 87' lang='lat' dir='ltr'>Nardo</span> <span class='ocrx_word' id='word_1_127' title='bbox 778 3812 980 3888; x_wconf 88' lang='lat' dir='ltr'>perunctum,</span> <span class='ocrx_word' id='word_1_128' title='bbox 997 3804 1089 3886; x_wconf 90' lang='lat' dir='ltr'>quale</span> <span class='ocrx_word' id='word_1_129' title='bbox 1104 3823 1169 3866; x_wconf 91' lang='lat' dir='ltr'>nou</span> <span class='ocrx_word' id='word_1_130' title='bbox 1184 3802 1357 3887; x_wconf 81' lang='lat' dir='ltr'>perfectius</span> 
     </span>
     <span class='ocr_line' id='line_1_31' title="bbox 694 3906 1539 3980; baseline -0.006 0"><span class='ocrx_word' id='word_1_131' title='bbox 694 3917 780 3980; x_wconf 81' lang='lat' dir='ltr'>Meae</span> <span class='ocrx_word' id='word_1_132' title='bbox 794 3916 971 3980; x_wconf 75' lang='lat' dir='ltr'>laborarint</span> <span class='ocrx_word' id='word_1_133' title='bbox 986 3935 1156 3978; x_wconf 77' lang='lat' dir='ltr'>manus-</span> <span class='ocrx_word' id='word_1_134' title='bbox 1506 3906 1539 3967; x_wconf 82' lang='grc'>60</span> 
     </span>
     <span class='ocr_line' id='line_1_32' title="bbox 652 4024 1346 4094; baseline -0.007 0"><span class='ocrx_word' id='word_1_135' title='bbox 652 4026 741 4094; x_wconf 81' lang='lat' dir='ltr'>Quid</span> <span class='ocrx_word' id='word_1_136' title='bbox 754 4026 894 4091; x_wconf 82' lang='lat' dir='ltr'>accidit?</span> <span class='ocrx_word' id='word_1_137' title='bbox 917 4046 974 4091; x_wconf 88' lang='lat' dir='ltr'>cur</span> <span class='ocrx_word' id='word_1_138' title='bbox 988 4026 1057 4089; x_wconf 88' lang='lat' dir='ltr'>dira</span> <span class='ocrx_word' id='word_1_139' title='bbox 1072 4024 1215 4090; x_wconf 71' lang='lat' dir='ltr'>barbarae</span> <span class='ocrx_word' id='word_1_140' title='bbox 1237 4025 1346 4090; x_wconf 86' lang='lat' dir='ltr'>minus</span> 
     </span>
    </p>
   </div>
   <div class='ocr_carea' id='block_1_6' title="bbox 579 4135 1104 4214">
    <p class='ocr_par' dir='ltr' id='par_1_6' title="bbox 579 4135 1104 4214">
     <span class='ocr_line' id='line_1_33' title="bbox 579 4135 1104 4214; baseline -0.008 -12"><span class='ocrx_word' id='word_1_141' title='bbox 579 4174 586 4181; x_wconf 91' lang='lat'><strong>·</strong></span> <span class='ocrx_word' id='word_1_142' title='bbox 693 4138 829 4201; x_wconf 83' lang='lat' dir='ltr'>Venena</span> <span class='ocrx_word' id='word_1_143' title='bbox 843 4135 971 4200; x_wconf 78' lang='lat' dir='ltr'>Medea</span> <span class='ocrx_word' id='word_1_144' title='bbox 985 4136 1104 4214; x_wconf 86' lang='lat' dir='ltr'>valent,</span> 
     </span>
    </p>
   </div>
   <div class='ocr_carea' id='block_1_7' title="bbox 650 4246 1539 4666">
    <p class='ocr_par' dir='ltr' id='par_1_7' title="bbox 651 4246 1318 4443">
     <span class='ocr_line' id='line_1_34' title="bbox 651 4246 1318 4331; baseline -0.006 -16"><span class='ocrx_word' id='word_1_145' title='bbox 651 4248 778 4315; x_wconf 81' lang='lat' dir='ltr'>Quibus</span> <span class='ocrx_word' id='word_1_146' title='bbox 792 4247 963 4331; x_wconf 87' lang='lat' dir='ltr'>superbam</span> <span class='ocrx_word' id='word_1_147' title='bbox 979 4246 1063 4328; x_wconf 82' lang='lat' dir='ltr'>fugit</span> <span class='ocrx_word' id='word_1_148' title='bbox 1078 4247 1147 4311; x_wconf 89' lang='lat' dir='ltr'>ulta</span> <span class='ocrx_word' id='word_1_149' title='bbox 1160 4246 1318 4331; x_wconf 87' lang='lat' dir='ltr'>pellicem,</span> 
     </span>
     <span class='ocr_line' id='line_1_35' title="bbox 694 4356 1096 4443; baseline -0.015 -18"><span class='ocrx_word' id='word_1_150' title='bbox 694 4358 809 4443; x_wconf 82' lang='lat' dir='ltr'>Magni</span> <span class='ocrx_word' id='word_1_151' title='bbox 824 4358 973 4423; x_wconf 87' lang='lat' dir='ltr'>Creontis</span> <span class='ocrx_word' id='word_1_152' title='bbox 988 4356 1096 4436; x_wconf 90' lang='lat' dir='ltr'>filiam,</span> 
     </span>
    </p>

    <p class='ocr_par' dir='ltr' id='par_1_8' title="bbox 650 4462 1539 4666">
     <span class='ocr_line' id='line_1_36' title="bbox 650 4462 1539 4556; baseline -0.011 -19"><span class='ocrx_word' id='word_1_153' title='bbox 650 4475 735 4538; x_wconf 87' lang='lat' dir='ltr'>Cum</span> <span class='ocrx_word' id='word_1_154' title='bbox 748 4472 843 4556; x_wconf 90' lang='lat' dir='ltr'>palla,</span> <span class='ocrx_word' id='word_1_155' title='bbox 859 4469 936 4535; x_wconf 88' lang='lat' dir='ltr'>tabo</span> <span class='ocrx_word' id='word_1_156' title='bbox 950 4492 1067 4534; x_wconf 86' lang='lat' dir='ltr'>munus</span> <span class='ocrx_word' id='word_1_157' title='bbox 1081 4470 1256 4549; x_wconf 86' lang='lat' dir='ltr'>imbutum,</span> <span class='ocrx_word' id='word_1_158' title='bbox 1272 4490 1387 4535; x_wconf 86' lang='lat' dir='ltr'>novam</span> <span class='ocrx_word' id='word_1_159' title='bbox 1508 4462 1539 4527; x_wconf 80' lang='lat'>65</span> 
     </span>
     <span class='ocr_line' id='line_1_37' title="bbox 693 4580 1175 4666; baseline -0.006 -19"><span class='ocrx_word' id='word_1_160' title='bbox 693 4582 850 4648; x_wconf 87' lang='lat' dir='ltr'>lucendio</span> <span class='ocrx_word' id='word_1_161' title='bbox 865 4587 1001 4666; x_wconf 87' lang='lat' dir='ltr'>nuptam</span> <span class='ocrx_word' id='word_1_162' title='bbox 1016 4580 1175 4645; x_wconf 81' lang='lat' dir='ltr'>abstulit?</span> 
     </span>
    </p>
   </div>
   <div class='ocr_carea' id='block_1_8' title="bbox 602 4712 1567 4910">
    <p class='ocr_par' dir='ltr' id='par_1_9' title="bbox 602 4712 1567 4910">
     <span class='ocr_line' id='line_1_38' title="bbox 602 4712 1505 4783; baseline -0.003 -16"><span class='ocrx_word' id='word_1_163' title='bbox 602 4716 636 4768; x_wconf 79' lang='lat'>87</span> <span class='ocrx_word' id='word_1_164' title='bbox 660 4732 777 4774; x_wconf 82' lang='lat' dir='ltr'>exsucca,</span> <span class='ocrx_word' id='word_1_165' title='bbox 789 4721 891 4775; x_wconf 81' lang='lat' dir='ltr'>exusta,</span> <span class='ocrx_word' id='word_1_166' title='bbox 903 4730 980 4765; x_wconf 82' lang='lat' dir='ltr'>exesa</span> <span class='ocrx_word' id='word_1_167' title='bbox 992 4734 1013 4765; x_wconf 83' lang='lat' dir='ltr'>o.</span> <span class='ocrx_word' id='word_1_168' title='bbox 1025 4721 1123 4773; x_wconf 84' lang='lat' dir='ltr'>sxesta.</span> <span class='ocrx_word' id='word_1_169' title='bbox 1135 4721 1249 4776; x_wconf 83' lang='lat' dir='ltr'>exsoota,</span> <span class='ocrx_word' id='word_1_170' title='bbox 1263 4718 1306 4765; x_wconf 86' lang='lat' dir='ltr'>Hl.</span> <span class='ocrx_word' id='word_1_171' title='bbox 1319 4717 1349 4766; x_wconf 80' lang='lat' dir='ltr'>A.</span> <span class='ocrx_word' id='word_1_172' title='bbox 1364 4712 1505 4783; x_wconf 81' lang='lat' dir='ltr'>(extracta.)</span> 
     </span>
     <span class='ocr_line' id='line_1_39' title="bbox 624 4782 1567 4846; baseline 0.007 -15"><span class='ocrx_word' id='word_1_173' title='bbox 624 4784 663 4831; x_wconf 76' lang='lat'>5³.</span> <span class='ocrx_word' id='word_1_174' title='bbox 675 4784 791 4831; x_wconf 82' lang='lat' dir='ltr'>hostiles.</span> <span class='ocrx_word' id='word_1_175' title='bbox 860 4784 899 4831; x_wconf 81' lang='lat'>55.</span> <span class='ocrx_word' id='word_1_176' title='bbox 913 4782 1084 4831; x_wconf 77' lang='lat' dir='ltr'>formidolosae</span> <span class='ocrx_word' id='word_1_177' title='bbox 1096 4798 1162 4832; x_wconf 88' lang='lat' dir='ltr'>cum.</span> <span class='ocrx_word' id='word_1_178' title='bbox 1238 4784 1279 4832; x_wconf 87' lang='grc'>60.</span> <span class='ocrx_word' id='word_1_179' title='bbox 1292 4784 1450 4846; x_wconf 84' lang='lat' dir='ltr'>laborarunt,</span> <span class='ocrx_word' id='word_1_180' title='bbox 1463 4785 1488 4833; x_wconf 83' lang='lat' dir='ltr'>B·</span> <span class='ocrx_word' id='word_1_181' title='bbox 1566 4814 1567 4838; x_wconf 81' lang='lat' dir='ltr'>l</span> 
     </span>
     <span class='ocr_line' id='line_1_40' title="bbox 703 4846 1418 4910; baseline 0.006 -15"><span class='ocrx_word' id='word_1_182' title='bbox 703 4848 742 4895; x_wconf 71' lang='lat' dir='ltr'>et.</span> <span class='ocrx_word' id='word_1_183' title='bbox 756 4848 876 4909; x_wconf 81' lang='lat' dir='ltr'>superbe,</span> <span class='ocrx_word' id='word_1_184' title='bbox 889 4846 1116 4907; x_wconf 70' lang='lat' dir='ltr'>n.-pae1iccm,ss.</span> <span class='ocrx_word' id='word_1_185' title='bbox 1184 4848 1224 4897; x_wconf 83' lang='lat'>65.</span> <span class='ocrx_word' id='word_1_186' title='bbox 1242 4850 1376 4910; x_wconf 84' lang='lat' dir='ltr'>infectum,</span> <span class='ocrx_word' id='word_1_187' title='bbox 1391 4850 1418 4899; x_wconf 87' lang='lat' dir='ltr'>B.</span> 
     </span>
    </p>
   </div>
   <div class='ocr_carea' id='block_1_9' title="bbox 605 5161 815 5239">
    <p class='ocr_par' dir='ltr' id='par_1_10' title="bbox 605 5161 815 5239">
     <span class='ocr_line' id='line_1_41' title="bbox 605 5161 815 5239; baseline 0 -2"><span class='ocrx_word' id='word_1_188' title='bbox 605 5161 815 5239; x_wconf 59' lang='lat' dir='ltr'>A</span> 
     </span>
    </p>
   </div>
   <div class='ocr_carea' id='block_1_10' title="bbox 0 0 1738 5667">
    <p class='ocr_par' dir='ltr' id='par_1_11' title="bbox 0 0 1738 5667">
     <span class='ocr_line' id='line_1_42' title="bbox 0 0 1738 5667; baseline 0 0"><span class='ocrx_word' id='word_1_189' title='bbox 0 0 1738 5667; x_wconf 95' lang='lat' dir='ltr'> </span> 
     </span>
    </p>
   </div>
  </div>
 </body>
</html>
