3450 5667
788 728 823 803 0.
844 729 1004 790 norm
1019 729 1166 790 naec!

586 897 720 964 Deioere
734 919 753 964 e
768 919 844 964 sexo
859 898 944 964 eires
959 909 1017 965 aut
1031 899 1157 964 tradere
1171 899 1322 964 Cadmo?

584 1011 633 1074 At
646 1009 772 1074 Novius
787 1011 912 1094 eollega
925 1010 1028 1094 gradu
1042 1019 1117 1094 post
1130 1031 1184 1074 me
1198 1009 1289 1074 sedet
1303 1030 1389 1073 unos
1521 1005 1553 1068 40
1580 1025 1582 1064 6

585 1119 737 1204 Namque
751 1128 801 1184 est
814 1121 880 1199 ilie,
889 1129 982 1204 peter
991 1120 1079 1204 quod
1092 1128 1163 1185 erat
1175 1141 1281 1184 meus.
1304 1120 1379 1183 Hoc
1388 1117 1445 1182 uiri
1454 1117 1554 1182 Paullus
1580 1195 1582 1208 Ε

370 1243 419 1295 rh
430 1241 455 1286 Β
464 1243 484 1286 ²
494 1243 514 1284 ²
523 1243 556 1284 ⁷4
586 1233 630 1296 Et
645 1231 799 1295 Messalla
812 1231 956 1296 videris?
977 1232 1025 1295 At
1039 1230 1104 1309 hio,
1119 1230 1148 1294 si
1162 1229 1308 1314 plaustra
1321 1230 1454 1293 duoenta

586 1340 854 1424 concurrantque
869 1342 940 1405 foro
953 1341 1018 1404 tria
1031 1340 1159 1418 flauere,
1170 1361 1291 1423 magne
1304 1339 1428 1404 sonabit

587 1451 718 1516 Cornua
731 1450 818 1535 quod
832 1451 1003 1534 viueatque
1016 1449 1113 1514 tubus
1124 1475 1134 1528 3
1157 1451 1275 1514 saltem
1288 1458 1380 1514 tenet
1391 1448 1449 1514 hoe
1459 1467 1514 1511 nos

587 1561 687 1626 Nunc
702 1561 809 1624 adme
823 1561 920 1624 redeo
933 1559 1084 1624 libertino
1098 1567 1192 1643 patre
1205 1569 1332 1638 netum,
1523 1558 1553 1616 45

376 1685 423 1728 m.
434 1684 485 1778 pls
495 1687 574 1778 pasl&
589 1671 696 1738 Quem
711 1672 832 1737 rodunt
845 1693 958 1737 omnes
971 1671 1124 1736 libertino
1137 1679 1230 1755 patre
1249 1681 1376 1750 netum,

484 1767 489 1778 ⁸
527 1767 532 1778 ⁸
588 1781 699 1862 Nune,
715 1783 791 1868 quia
804 1805 877 1847 snm
890 1782 963 1862 tibi,
980 1784 1161 1860 Meeeneo,
1176 1783 1353 1862 convictor,
1368 1790 1402 1845 et
1414 1781 1491 1857 olim,

589 1891 687 1958 Quod
701 1892 782 1956 mihi
797 1901 923 1978 pareret
936 1891 1022 1976 legio
1036 1893 1185 1957 Romana
1197 1891 1342 1957 tribuno.

589 2003 753 2069 Dissimile
766 2003 829 2068 hoo
842 2003 892 2068 illi
906 2012 972 2068 est:
995 2005 1073 2087 quia
1086 2025 1153 2068 non
1168 2011 1207 2067 ut
1220 2004 1316 2068 forsit
1329 2004 1475 2068 honorem

590 2113 611 2176 J
612 2135 669 2178 ure
683 2113 765 2178 mihi
779 2113 922 2178 invideat
936 2113 1049 2198 quiris,
1064 2115 1113 2178 ita
1125 2123 1159 2178 te
1173 2136 1304 2198 quoqne
1318 2115 1462 2190 amioum,
1528 2111 1560 2170 5⁰

377 2229 422 2280 ἄν·
434 2229 458 2270 ¹³·
468 2227 487 2272 ¹·
497 2229 516 2270 ⁷·
525 2229 557 2271 ²
589 2223 773 2289 Praesertim
787 2233 919 2288 eentum
933 2223 1048 2306 dignos
1062 2245 1225 2288 assumere
1238 2245 1338 2308 prava

377 2343 434 2386 Μ·
445 2345 467 2386 8·
477 2345 496 2386 ¹·
507 2345 576 2387 1⁰³1
590 2333 777 2400 Ambitione
792 2334 913 2418 procul.
958 2333 1098 2398 Felioem
1113 2333 1220 2398 dicere
1233 2355 1301 2398 non
1316 2333 1378 2398 hoe

590 2444 649 2509 Me
663 2445 793 2528 poesim,
808 2465 885 2508 essu
899 2443 986 2528 qnod
1000 2451 1034 2507 te
1047 2443 1181 2507 sortitus
1195 2444 1358 2508 amicum:

590 2553 692 2618 Nulla
705 2553 825 2618 etenim
840 2551 923 2616 mihi
937 2561 971 2616 te
984 2553 1051 2616 fors
1064 2552 1203 2617 obtolit:
1226 2554 1371 2637 optimus
1385 2552 1459 2617 olim

383 2669 458 2714 lm·
468 2671 487 2712 ¹·
497 2671 528 2712 ¹⁰·
538 2673 577 2761 3³
591 2663 759 2748 Virgilius,
774 2670 847 2747 post
861 2662 949 2727 hunc
963 2662 1083 2727 Verius
1097 2662 1206 2727 dixere
1220 2663 1300 2747 quid
1314 2685 1426 2728 essem.
1532 2660 1564 2718 55

565 2751 571 2764 ⁶
591 2775 640 2840 Ut
654 2775 728 2838 veni
742 2795 861 2852 eorem,
877 2773 1048 2856 singultim
1061 2793 1164 2857 pauca
1177 2774 1317 2854 locutus,

590 2884 704 2950 Infans
717 2905 857 2968 nemque
871 2882 975 2968 pudor
987 2883 1179 2967 prohibebat
1192 2884 1287 2968 pluro
1300 2883 1429 2972 profari,

590 2997 669 3062 Non
683 3017 743 3080 ego
758 3016 811 3059 me
826 2995 912 3058 elero
925 3003 1042 3058 natum
1056 3003 1157 3078 petre,
1172 3016 1240 3058 non
1254 3015 1316 3078 ego
1329 2995 1450 3060 oirenm

590 3107 649 3170 Me
665 3104 854 3170 Satureiano
868 3103 989 3168 vectari
1002 3124 1079 3167 rure
1091 3104 1226 3182 oaballo,

593 3217 658 3282 Sed
672 3215 757 3301 quod
773 3235 861 3280 eram
875 3235 982 3278 narro.
1026 3213 1222 3298 Respondes,
1238 3222 1277 3277 ut
1290 3221 1369 3278 tuns
1382 3222 1432 3279 est
1444 3234 1518 3289 mos,
1535 3210 1570 3270 00

382 3365 415 3406 ω,
425 3365 446 3406 s,
454 3364 474 3404 ι,
483 3365 503 3404 0,
513 3363 545 3404 o.
592 3330 722 3406 Peuce3
744 3326 834 3406 abeo,
850 3332 885 3389 et
897 3345 1027 3389 revoces
1039 3345 1126 3389 nono
1140 3332 1213 3409 post
1227 3347 1340 3390 mense
1349 3326 1502 3410 jubesque

592 3439 672 3502 Esse
686 3437 721 3500 in
736 3435 912 3501 amicornm
926 3455 1072 3499 numero.
1115 3436 1278 3518 Magnum
1292 3435 1355 3501 hoo
1369 3457 1431 3520 ego
1443 3435 1530 3511 duoo,

380 3589 428 3642 μ,
438 3589 463 3630 Β,
473 3589 491 3630 ι,
502 3590 533 3632 1„
543 3591 562 3632 ³,
594 3548 690 3614 Quod
705 3546 810 3632 pleoui
825 3545 895 3624 tibi,
912 3545 968 3628 qni
981 3545 1069 3630 turpi
1082 3545 1221 3609 seoernis
1235 3545 1421 3625 honestum,

377 3699 430 3741 pur.
443 3689 466 3730 n.
478 3688 496 3729 1.
505 3689 524 3729 a.
534 3691 566 3731 o,
592 3659 670 3724 Non
685 3667 774 3744 patre
789 3658 941 3743 praeclaro
955 3656 1012 3720 sed
1025 3656 1092 3720 vitu
1105 3663 1139 3720 et
1153 3663 1283 3740 pectore
1296 3678 1389 3741 puro.

444 3739 579 3783 ⁸·¹·⁴¹³⁰·
592 3768 696 3855 Atqui
710 3769 738 3834 si
751 3769 838 3832 vitis
852 3765 1065 3831 mmiocasus
1079 3787 1117 3830 ae
1131 3787 1203 3830 mea
1217 3767 1329 3850 paucis
1544 3763 1582 3828 65

593 3880 750 3946 Mendoss
765 3887 813 3944 est
827 3885 956 3958 natura,
970 3877 1089 3961 alioqui
1103 3884 1203 3957 reeta,
1218 3877 1308 3943 velut
1322 3879 1351 3942 si

592 3991 732 4077 Egregie
746 3991 906 4074 inspersos
920 3986 1132 4072 reprehendas
1146 4008 1279 4071 corpore
1292 4009 1410 4070 naevos,
1581 3973 1582 3999 ¹

594 4103 630 4168 Si
644 4121 749 4186 neque
764 4098 931 4163 avaritiam
945 4117 1049 4181 neque
1063 4097 1172 4162 sordes
1186 4103 1244 4160 eut
1258 4097 1345 4161 mala
1358 4099 1466 4164 lustra

593 4212 821 4299 Objieietvere
836 4210 1004 4293 quisquam
1018 4208 1109 4287 mihi,
1125 4207 1407 4293 purusetinsons,

594 4327 644 4392 Ut
656 4343 709 4388 me
723 4319 913 4398 collaudem,
928 4320 955 4384 si
970 4325 1003 4383 et
1017 4319 1340 4400 vivoeerusamiois3
1550 4317 1582 4396 iii

593 4438 699 4502 Causa
712 4435 774 4498 fuit
788 4431 954 4517 paterhis,
969 4431 1024 4514 qui
1040 4451 1150 4495 macro
1164 4451 1284 4514 pauper
1297 4431 1401 4514 egeilo

592 4542 989 4614 Noluitinnavilurum
1004 4541 1341 4625 nemimem

592 4686 633 4733 41.
646 4684 790 4744 numquest.
874 4681 914 4728 42.
927 4683 1033 4742 plostra,
1048 4679 1102 4743 (Ο.)
1116 4685 1192 4730 contr.
1205 4681 1234 4729 Ε.
1247 4683 1270 4730 2.
1282 4683 1306 4730 2.
1318 4677 1359 4732 74.
1439 4681 1483 4730 49.
1503 4680 1515 4729 i
1526 4667 1582 4728 ἰ11ἰ>6Ξ

627 4751 666 4797 te.
679 4761 799 4809 possum
817 4752 934 4806 possunt.
1002 4747 1042 4794 66.
1056 4747 1067 4793 Ρ
1079 4749 1237 4797 mendosast.
1311 4739 1351 4795 68.
1364 4763 1402 4804 oo,
1415 4761 1476 4805 nee,
1489 4747 1558 4795 mola.
