3450 5667
174 1035 209 1093 40

514 755 738 818 oAsrssNUM
767 756 848 814 Mn.
867 756 928 815 111.
952 774 1020 815 xxx.

321 921 466 989 Clamore
480 923 659 1008 vieinseque
672 924 770 1002 silvie,

364 1035 449 1100 Cum
462 1035 530 1101 fera
544 1036 681 1100 diluvies
694 1037 818 1119 quietos

280 1172 386 1236 Initat
400 1194 519 1237 amnes.
565 1172 629 1237 Ille
643 1181 759 1257 potens
773 1173 824 1236 sui

280 1280 445 1366 Laetusque
458 1283 564 1366 deget,
580 1284 634 1346 cni
649 1284 723 1347 lieet
737 1282 772 1345 in
786 1281 873 1344 diem

319 1393 451 1472 Dixisse,
467 1400 489 1430 “
498 1394 597 1458 Vixi:
620 1415 691 1457 cras
705 1392 755 1457 vel
770 1400 840 1457 stra

358 1505 455 1569 Nube
468 1504 580 1590 polum
594 1506 692 1569 Pater
705 1511 860 1588 occupato

198 1638 210 1650 '
257 1637 342 1701 “Vel
352 1640 416 1703 sole
429 1661 529 1723 puros
553 1661 621 1703 non
635 1648 747 1703 temen
760 1638 901 1718 irritum,

285 1748 506 1834 Quodcumque
520 1758 610 1814 retro
625 1758 686 1829 est,
702 1750 836 1815 efficiet:
858 1770 966 1833 neque

321 1859 469 1945 Diffinget
481 1861 701 1944 infectumque
715 1859 838 1939 reddet,

361 1972 455 2039 Quod
467 1973 596 2057 fugiens
610 1972 708 2036 semel
721 1972 802 2036 bom
815 1970 935 2036 vexit.’'

283 2108 416 2173 Fortuna
428 2132 511 2175 saevo
524 2110 600 2174 laeta
613 2109 753 2193 negotio,
769 2116 803 2173 et

184 2216 195 2231 ⁹
284 2219 404 2285 lindum
417 2221 609 2286 insolentem
622 2220 732 2285 ludere
746 2218 904 2303 pertinax,

321 2332 521 2397 'lransmntat
536 2333 676 2396 incertos
690 2332 838 2408 honores,

359 2442 455 2507 Nune
468 2443 562 2521 mihi,
577 2462 665 2506 nuno
679 2441 734 2505 alii
747 2441 897 2524 benigna.

283 2576 386 2642 Iaudo
397 2588 602 2643 manentem:
625 2578 654 2641 si
668 2578 786 2643 celeres
801 2578 905 2661 quatit

283 2686 407 2769 Pennas,
419 2691 547 2775 resigno
562 2712 633 2774 quae
646 2690 746 2769 dedit,
760 2697 795 2753 et
807 2710 881 2753 mes

186 2796 213 2813 ''
321 2802 445 2867 Virtute
460 2825 510 2868 me
524 2804 652 2868 involvo
664 2803 861 2888 probamque

361 2913 546 2998 Pauperiem
560 2914 629 2978 sine
643 2913 718 2978 dote
733 2933 852 2996 quaero.

284 3043 354 3108 Non
366 3054 412 3111 est
424 3070 542 3126 meum,
558 3047 587 3111 si
600 3047 724 3130 mugiat
737 3045 856 3110 Afriois

285 3154 383 3222 Malus
397 3160 551 3244 proeellis,
566 3159 607 3223 sd
622 3158 753 3222 miseras
765 3178 876 3241 preces

322 3267 491 3335 Decurrere
502 3298 512 3349 3
536 3278 571 3334 et
583 3270 668 3334 votis
681 3268 809 3354 paciaci,

359 3380 412 3443 Ne
425 3380 549 3465 Cypriae
563 3379 731 3465 'l'yriaeque
745 3398 866 3465 meroes

285 3512 405 3579 Addant
418 3539 509 3582 avaro
523 3516 652 3581 divitim
666 3516 758 3579 mari.

285 3624 367 3690 'luno
377 3650 439 3707 me,
453 3628 582 3693 biremis
594 3627 743 3713 praesidio
757 3625 884 3711 sespbae

321 3738 445 3819 lutum,
459 3762 516 3824 per
529 3742 660 3824 AEgaeos
674 3738 833 3803 tumultus

359 3852 445 3915 Aura
457 3852 538 3917 feret
552 3852 763 3935 geminusque
779 3848 902 3914 Pollux.

581 4250 688 4315 XXX.

283 4392 381 4459 Error
397 4406 640 4475 monumentum
654 4419 716 4462 aere
731 4397 913 4482 perennius,

284 4506 446 4591 Regalique
459 4511 524 4575 situ
539 4510 740 4594 pyramidum
756 4509 874 4585 ultius;

284 4614 372 4681 Quod
386 4640 447 4684 uon
460 4622 564 4686 imber
577 4622 669 4700 edax,
684 4644 751 4685 non
766 4620 885 4703 Aquilo
900 4618 1061 4705 impotens

327 4794 500 4848 ldlretrost.
567 4800 606 4847 54„
625 4799 728 4861 pinosus,
740 4798 769 4845 B.
836 4797 877 4843 62.
896 4798 959 4843 tum.
