<?xml version="1.0" encoding="UTF-8"?>
<!DOCTYPE html PUBLIC "-//W3C//DTD XHTML 1.0 Transitional//EN"
    "http://www.w3.org/TR/xhtml1/DTD/xhtml1-transitional.dtd">
<html xmlns="http://www.w3.org/1999/xhtml" xml:lang="en" lang="en">
 <head>
  <title>
</title>
<meta http-equiv="Content-Type" content="text/html;charset=utf-8" />
  <meta name='ocr-system' content='tesseract 3.04.00' />
  <meta name='ocr-capabilities' content='ocr_page ocr_carea ocr_par ocr_line ocrx_word'/>
</head>
<body>
  <div class='ocr_page' id='page_1' title='image "./quintihoratifla01horagoog_0252.png"; bbox 0 0 3450 5667; ppageno 0'>
   <div class='ocr_carea' id='block_1_1' title="bbox 306 723 1118 798">
    <p class='ocr_par' dir='ltr' id='par_1_1' title="bbox 306 723 1118 798">
     <span class='ocr_line' id='line_1_1' title="bbox 306 723 1118 798; baseline 0 -16"><span class='ocrx_word' id='word_1_1' title='bbox 306 729 363 784; x_wconf 76' lang='lat' dir='ltr'><strong>au</strong></span> <span class='ocrx_word' id='word_1_2' title='bbox 728 723 762 798; x_wconf 80' lang='lat' dir='ltr'><strong>o.</strong></span> <span class='ocrx_word' id='word_1_3' title='bbox 788 723 947 782; x_wconf 74' lang='lat' dir='ltr'><strong>noem</strong></span> <span class='ocrx_word' id='word_1_4' title='bbox 971 724 1118 782; x_wconf 70' lang='lat' dir='ltr'><strong>street</strong></span> 
     </span>
    </p>
   </div>
   <div class='ocr_carea' id='block_1_2' title="bbox 302 886 1523 2850">
    <p class='ocr_par' dir='ltr' id='par_1_2' title="bbox 302 886 1523 2850">
     <span class='ocr_line' id='line_1_2' title="bbox 522 886 1374 971; baseline 0.005 -21"><span class='ocrx_word' id='word_1_5' title='bbox 522 886 658 951; x_wconf 87' lang='lat' dir='ltr'><strong>Invitus.</strong></span> <span class='ocrx_word' id='word_1_6' title='bbox 704 887 795 970; x_wconf 82' lang='lat' dir='ltr'><strong>Fuge</strong></span> <span class='ocrx_word' id='word_1_7' title='bbox 810 908 948 971; x_wconf 85' lang='lat' dir='ltr'><strong>megna;</strong></span> <span class='ocrx_word' id='word_1_8' title='bbox 970 887 1046 952; x_wconf 88' lang='lat' dir='ltr'><strong>lieet</strong></span> <span class='ocrx_word' id='word_1_9' title='bbox 1060 887 1120 951; x_wconf 89' lang='lat' dir='ltr'><strong>sub</strong></span> <span class='ocrx_word' id='word_1_10' title='bbox 1134 908 1273 971; x_wconf 83' lang='lat' dir='ltr'><strong>paupere</strong></span> <span class='ocrx_word' id='word_1_11' title='bbox 1287 895 1374 954; x_wconf 83' lang='lat' dir='ltr'><strong>teoto</strong></span> 
     </span>
     <span class='ocr_line' id='line_1_3' title="bbox 302 999 1236 1082; baseline 0.001 -21"><span class='ocrx_word' id='word_1_12' title='bbox 302 1021 359 1061; x_wconf 74' lang='lat' dir='ltr'><strong>rrae-</strong></span> <span class='ocrx_word' id='word_1_13' title='bbox 370 1009 391 1052; x_wconf 74' lang='lat' dir='ltr'><strong>S·</strong></span> <span class='ocrx_word' id='word_1_14' title='bbox 401 1009 420 1052; x_wconf 88' lang='lat'><strong>1·</strong></span> <span class='ocrx_word' id='word_1_15' title='bbox 430 1011 449 1052; x_wconf 80' lang='lat'><strong>⁷·</strong></span> <span class='ocrx_word' id='word_1_16' title='bbox 459 1013 478 1052; x_wconf 78' lang='lat'><strong>⁸·</strong></span> <span class='ocrx_word' id='word_1_17' title='bbox 522 999 626 1080; x_wconf 87' lang='lat' dir='ltr'><strong>Reges</strong></span> <span class='ocrx_word' id='word_1_18' title='bbox 641 1004 674 1062; x_wconf 89' lang='lat' dir='ltr'><strong>et</strong></span> <span class='ocrx_word' id='word_1_19' title='bbox 688 1019 801 1082; x_wconf 82' lang='lat' dir='ltr'><strong>regum</strong></span> <span class='ocrx_word' id='word_1_20' title='bbox 816 999 883 1062; x_wconf 85' lang='lat' dir='ltr'><strong>vita</strong></span> <span class='ocrx_word' id='word_1_21' title='bbox 896 1019 1091 1082; x_wconf 72' lang='lat' dir='ltr'><strong>praecurrere</strong></span> <span class='ocrx_word' id='word_1_22' title='bbox 1105 999 1236 1063; x_wconf 86' lang='lat' dir='ltr'><strong>amieos.</strong></span> 
     </span>
     <span class='ocr_line' id='line_1_4' title="bbox 520 1108 1389 1192; baseline 0.002 -22"><span class='ocrx_word' id='word_1_23' title='bbox 520 1109 641 1172; x_wconf 79' lang='lat' dir='ltr'><strong>Cervus</strong></span> <span class='ocrx_word' id='word_1_24' title='bbox 654 1129 772 1191; x_wconf 89' lang='lat' dir='ltr'><strong>equum</strong></span> <span class='ocrx_word' id='word_1_25' title='bbox 788 1129 897 1192; x_wconf 84' lang='lat' dir='ltr'><strong>pugna</strong></span> <span class='ocrx_word' id='word_1_26' title='bbox 910 1109 1025 1174; x_wconf 89' lang='lat' dir='ltr'><strong>melior</strong></span> <span class='ocrx_word' id='word_1_27' title='bbox 1038 1109 1265 1173; x_wconf 84' lang='lat' dir='ltr'><strong>eommunibus</strong></span> <span class='ocrx_word' id='word_1_28' title='bbox 1278 1108 1389 1173; x_wconf 78' lang='lat' dir='ltr'>herbis</span> 
     </span>
     <span class='ocr_line' id='line_1_5' title="bbox 520 1218 1520 1302; baseline 0.002 -20"><span class='ocrx_word' id='word_1_29' title='bbox 520 1218 675 1297; x_wconf 78' lang='lat' dir='ltr'><strong>Pellebat,</strong></span> <span class='ocrx_word' id='word_1_30' title='bbox 691 1219 793 1283; x_wconf 89' lang='lat' dir='ltr'><strong>donee</strong></span> <span class='ocrx_word' id='word_1_31' title='bbox 808 1219 915 1282; x_wconf 89' lang='lat' dir='ltr'><strong>minor</strong></span> <span class='ocrx_word' id='word_1_32' title='bbox 928 1218 964 1282; x_wconf 91' lang='lat' dir='ltr'><strong>in</strong></span> <span class='ocrx_word' id='word_1_33' title='bbox 978 1219 1153 1283; x_wconf 74' lang='lat' dir='ltr'><strong>certamine</strong></span> <span class='ocrx_word' id='word_1_34' title='bbox 1168 1220 1265 1302; x_wconf 82' lang='lat' dir='ltr'><strong>longo</strong></span> <span class='ocrx_word' id='word_1_35' title='bbox 1476 1223 1520 1284; x_wconf 81' lang='lat'><strong>35</strong></span> 
     </span>
     <span class='ocr_line' id='line_1_6' title="bbox 520 1328 1317 1414; baseline 0.003 -22"><span class='ocrx_word' id='word_1_36' title='bbox 520 1328 710 1412; x_wconf 84' lang='lat' dir='ltr'><strong>Imploravit</strong></span> <span class='ocrx_word' id='word_1_37' title='bbox 724 1348 800 1412; x_wconf 86' lang='lat' dir='ltr'><strong>opes</strong></span> <span class='ocrx_word' id='word_1_38' title='bbox 814 1328 954 1392; x_wconf 88' lang='lat' dir='ltr'><strong>bominis</strong></span> <span class='ocrx_word' id='word_1_39' title='bbox 968 1329 1161 1413; x_wconf 81' lang='lat' dir='ltr'>frenumque</span> <span class='ocrx_word' id='word_1_40' title='bbox 1175 1329 1317 1414; x_wconf 80' lang='lat' dir='ltr'><strong>recepit3</strong></span> 
     </span>
     <span class='ocr_line' id='line_1_7' title="bbox 522 1438 1351 1522; baseline 0.002 -20"><span class='ocrx_word' id='word_1_41' title='bbox 522 1439 585 1502; x_wconf 90' lang='lat' dir='ltr'><strong>Sed</strong></span> <span class='ocrx_word' id='word_1_42' title='bbox 600 1445 770 1522; x_wconf 89' lang='lat' dir='ltr'><strong>postquam</strong></span> <span class='ocrx_word' id='word_1_43' title='bbox 784 1438 886 1502; x_wconf 86' lang='lat' dir='ltr'><strong>vietor</strong></span> <span class='ocrx_word' id='word_1_44' title='bbox 900 1439 1021 1502; x_wconf 81' lang='lat' dir='ltr'><strong>violens</strong></span> <span class='ocrx_word' id='word_1_45' title='bbox 1034 1439 1179 1504; x_wconf 78' lang='lat' dir='ltr'><strong>disoessit</strong></span> <span class='ocrx_word' id='word_1_46' title='bbox 1192 1440 1234 1504; x_wconf 84' lang='lat' dir='ltr'><strong>ab</strong></span> <span class='ocrx_word' id='word_1_47' title='bbox 1247 1441 1351 1519; x_wconf 86' lang='lat' dir='ltr'><strong>hoste,</strong></span> 
     </span>
     <span class='ocr_line' id='line_1_8' title="bbox 520 1549 1314 1634; baseline 0.003 -21"><span class='ocrx_word' id='word_1_48' title='bbox 520 1549 598 1613; x_wconf 91' lang='lat' dir='ltr'><strong>Non</strong></span> <span class='ocrx_word' id='word_1_49' title='bbox 612 1549 753 1632; x_wconf 76' lang='lat' dir='ltr'>equitem</span> <span class='ocrx_word' id='word_1_50' title='bbox 768 1549 873 1627; x_wconf 85' lang='lat' dir='ltr'><strong>dorso,</strong></span> <span class='ocrx_word' id='word_1_51' title='bbox 887 1569 954 1612; x_wconf 89' lang='lat' dir='ltr'><strong>non</strong></span> <span class='ocrx_word' id='word_1_52' title='bbox 968 1549 1097 1614; x_wconf 85' lang='lat' dir='ltr'><strong>frenum</strong></span> <span class='ocrx_word' id='word_1_53' title='bbox 1111 1550 1234 1634; x_wconf 81' lang='lat' dir='ltr'><strong>depulit</strong></span> <span class='ocrx_word' id='word_1_54' title='bbox 1247 1571 1314 1615; x_wconf 87' lang='lat' dir='ltr'><strong>ore.</strong></span> 
     </span>
     <span class='ocr_line' id='line_1_9' title="bbox 522 1657 1281 1744; baseline 0.004 -23"><span class='ocrx_word' id='word_1_55' title='bbox 522 1658 586 1736; x_wconf 85' lang='lat' dir='ltr'><strong>Sic,</strong></span> <span class='ocrx_word' id='word_1_56' title='bbox 602 1657 658 1740; x_wconf 90' lang='lat' dir='ltr'><strong>qui</strong></span> <span class='ocrx_word' id='word_1_57' title='bbox 671 1659 855 1743; x_wconf 79' lang='lat' dir='ltr'><strong>pauperiem</strong></span> <span class='ocrx_word' id='word_1_58' title='bbox 869 1659 991 1723; x_wconf 85' lang='lat' dir='ltr'><strong>veritus</strong></span> <span class='ocrx_word' id='word_1_59' title='bbox 1005 1660 1129 1744; x_wconf 89' lang='lat' dir='ltr'><strong>potiore</strong></span> <span class='ocrx_word' id='word_1_60' title='bbox 1143 1661 1281 1724; x_wconf 87' lang='lat' dir='ltr'><strong>metallis</strong></span> 
     </span>
     <span class='ocr_line' id='line_1_10' title="bbox 520 1767 1523 1856; baseline 0.005 -25"><span class='ocrx_word' id='word_1_61' title='bbox 520 1767 685 1832; x_wconf 70' lang='lat' dir='ltr'><strong>Libertate</strong></span> <span class='ocrx_word' id='word_1_62' title='bbox 699 1777 797 1848; x_wconf 87' lang='lat' dir='ltr'><strong>earet,</strong></span> <span class='ocrx_word' id='word_1_63' title='bbox 813 1769 980 1834; x_wconf 90' lang='lat' dir='ltr'><strong>dominum</strong></span> <span class='ocrx_word' id='word_1_64' title='bbox 996 1770 1086 1834; x_wconf 80' lang='lat' dir='ltr'><strong>vehit</strong></span> <span class='ocrx_word' id='word_1_65' title='bbox 1099 1770 1265 1855; x_wconf 90' lang='lat' dir='ltr'><strong>improbus</strong></span> <span class='ocrx_word' id='word_1_66' title='bbox 1279 1778 1375 1856; x_wconf 86' lang='lat' dir='ltr'><strong>atque</strong></span> <span class='ocrx_word' id='word_1_67' title='bbox 1477 1775 1523 1835; x_wconf 75' lang='lat' dir='ltr'><strong>to</strong></span> 
     </span>
     <span class='ocr_line' id='line_1_11' title="bbox 521 1879 1236 1965; baseline 0.003 -22"><span class='ocrx_word' id='word_1_68' title='bbox 521 1879 645 1944; x_wconf 86' lang='lat' dir='ltr'><strong>Serviet</strong></span> <span class='ocrx_word' id='word_1_69' title='bbox 658 1889 824 1959; x_wconf 75' lang='lat' dir='ltr'><strong>aeternum,</strong></span> <span class='ocrx_word' id='word_1_70' title='bbox 841 1880 917 1963; x_wconf 85' lang='lat' dir='ltr'><strong>quia</strong></span> <span class='ocrx_word' id='word_1_71' title='bbox 930 1902 1027 1965; x_wconf 83' lang='lat' dir='ltr'><strong>parvo</strong></span> <span class='ocrx_word' id='word_1_72' title='bbox 1040 1881 1162 1946; x_wconf 76' lang='lat' dir='ltr'><strong>nesciet</strong></span> <span class='ocrx_word' id='word_1_73' title='bbox 1176 1882 1236 1946; x_wconf 89' lang='lat' dir='ltr'><strong>nti.</strong></span> 
     </span>
     <span class='ocr_line' id='line_1_12' title="bbox 522 1991 1290 2072; baseline 0 -17"><span class='ocrx_word' id='word_1_74' title='bbox 522 1991 585 2055; x_wconf 90' lang='lat' dir='ltr'><strong>Cui</strong></span> <span class='ocrx_word' id='word_1_75' title='bbox 600 2013 666 2056; x_wconf 91' lang='lat' dir='ltr'><strong>non</strong></span> <span class='ocrx_word' id='word_1_76' title='bbox 680 1992 849 2057; x_wconf 85' lang='lat' dir='ltr'><strong>conveniet</strong></span> <span class='ocrx_word' id='word_1_77' title='bbox 863 2013 922 2056; x_wconf 89' lang='lat' dir='ltr'><strong>sua</strong></span> <span class='ocrx_word' id='word_1_78' title='bbox 934 2013 997 2071; x_wconf 87' lang='lat' dir='ltr'><strong>res,</strong></span> <span class='ocrx_word' id='word_1_79' title='bbox 1012 2001 1051 2056; x_wconf 86' lang='lat' dir='ltr'><strong>ut</strong></span> <span class='ocrx_word' id='word_1_80' title='bbox 1064 1993 1189 2057; x_wconf 87' lang='lat' dir='ltr'><strong>ealeeus</strong></span> <span class='ocrx_word' id='word_1_81' title='bbox 1202 1993 1290 2072; x_wconf 92' lang='lat' dir='ltr'><strong>olim,</strong></span> 
     </span>
     <span class='ocr_line' id='line_1_13' title="bbox 523 2103 1343 2187; baseline 0.001 -21"><span class='ocrx_word' id='word_1_82' title='bbox 523 2103 558 2166; x_wconf 89' lang='lat' dir='ltr'><strong>Si</strong></span> <span class='ocrx_word' id='word_1_83' title='bbox 573 2103 652 2186; x_wconf 85' lang='lat' dir='ltr'><strong>pede</strong></span> <span class='ocrx_word' id='word_1_84' title='bbox 667 2103 771 2187; x_wconf 87' lang='lat' dir='ltr'><strong>major</strong></span> <span class='ocrx_word' id='word_1_85' title='bbox 785 2104 857 2181; x_wconf 89' lang='lat' dir='ltr'><strong>erit,</strong></span> <span class='ocrx_word' id='word_1_86' title='bbox 872 2103 1059 2181; x_wconf 77' lang='lat' dir='ltr'><strong>subvertet3</strong></span> <span class='ocrx_word' id='word_1_87' title='bbox 1083 2103 1112 2168; x_wconf 93' lang='lat' dir='ltr'><strong>si</strong></span> <span class='ocrx_word' id='word_1_88' title='bbox 1126 2103 1244 2184; x_wconf 87' lang='lat' dir='ltr'><strong>minor,</strong></span> <span class='ocrx_word' id='word_1_89' title='bbox 1259 2111 1343 2168; x_wconf 87' lang='lat' dir='ltr'><strong>uret.</strong></span> 
     </span>
     <span class='ocr_line' id='line_1_14' title="bbox 521 2213 1216 2298; baseline 0 -21"><span class='ocrx_word' id='word_1_90' title='bbox 521 2213 631 2278; x_wconf 86' lang='lat' dir='ltr'><strong>Laetus</strong></span> <span class='ocrx_word' id='word_1_91' title='bbox 645 2221 730 2278; x_wconf 80' lang='lat' dir='ltr'><strong>sorte</strong></span> <span class='ocrx_word' id='word_1_92' title='bbox 744 2221 802 2278; x_wconf 86' lang='lat' dir='ltr'><strong>tua</strong></span> <span class='ocrx_word' id='word_1_93' title='bbox 815 2213 902 2278; x_wconf 83' lang='lat' dir='ltr'><strong>vives</strong></span> <span class='ocrx_word' id='word_1_94' title='bbox 916 2213 1087 2298; x_wconf 88' lang='lat' dir='ltr'><strong>sapienter,</strong></span> <span class='ocrx_word' id='word_1_95' title='bbox 1101 2214 1216 2291; x_wconf 77' lang='lat' dir='ltr'><strong>Aristi,</strong></span> 
     </span>
     <span class='ocr_line' id='line_1_15' title="bbox 521 2324 1520 2409; baseline 0.001 -22"><span class='ocrx_word' id='word_1_96' title='bbox 521 2325 592 2388; x_wconf 92' lang='lat' dir='ltr'><strong>Nee</strong></span> <span class='ocrx_word' id='word_1_97' title='bbox 606 2345 657 2389; x_wconf 92' lang='lat' dir='ltr'><strong>me</strong></span> <span class='ocrx_word' id='word_1_98' title='bbox 672 2324 814 2389; x_wconf 90' lang='lat' dir='ltr'><strong>dimittes</strong></span> <span class='ocrx_word' id='word_1_99' title='bbox 827 2325 1067 2408; x_wconf 83' lang='lat' dir='ltr'><strong>incastigatum‚</strong></span> <span class='ocrx_word' id='word_1_100' title='bbox 1083 2325 1140 2389; x_wconf 90' lang='lat' dir='ltr'><strong>nbi</strong></span> <span class='ocrx_word' id='word_1_101' title='bbox 1156 2325 1249 2409; x_wconf 89' lang='lat' dir='ltr'><strong>plura</strong></span> <span class='ocrx_word' id='word_1_102' title='bbox 1476 2329 1520 2388; x_wconf 82' lang='lat'><strong>45</strong></span> 
     </span>
     <span class='ocr_line' id='line_1_16' title="bbox 521 2435 1334 2518; baseline 0 -20"><span class='ocrx_word' id='word_1_103' title='bbox 521 2435 643 2518; x_wconf 84' lang='lat' dir='ltr'><strong>Cogere</strong></span> <span class='ocrx_word' id='word_1_104' title='bbox 658 2457 754 2518; x_wconf 86' lang='lat' dir='ltr'><strong>quam</strong></span> <span class='ocrx_word' id='word_1_105' title='bbox 769 2435 847 2500; x_wconf 90' lang='lat' dir='ltr'><strong>satis</strong></span> <span class='ocrx_word' id='word_1_106' title='bbox 861 2443 911 2500; x_wconf 89' lang='lat' dir='ltr'><strong>est</strong></span> <span class='ocrx_word' id='word_1_107' title='bbox 926 2455 964 2500; x_wconf 90' lang='lat' dir='ltr'><strong>ae</strong></span> <span class='ocrx_word' id='word_1_108' title='bbox 976 2457 1043 2499; x_wconf 90' lang='lat' dir='ltr'><strong>non</strong></span> <span class='ocrx_word' id='word_1_109' title='bbox 1057 2456 1181 2499; x_wconf 82' lang='lat' dir='ltr'><strong>cessare</strong></span> <span class='ocrx_word' id='word_1_110' title='bbox 1194 2435 1334 2499; x_wconf 85' lang='lat' dir='ltr'><strong>videbor.</strong></span> 
     </span>
     <span class='ocr_line' id='line_1_17' title="bbox 522 2545 1285 2630; baseline -0.001 -21"><span class='ocrx_word' id='word_1_111' title='bbox 522 2547 664 2628; x_wconf 86' lang='lat' dir='ltr'><strong>Imperat</strong></span> <span class='ocrx_word' id='word_1_112' title='bbox 679 2553 735 2610; x_wconf 91' lang='lat' dir='ltr'><strong>aut</strong></span> <span class='ocrx_word' id='word_1_113' title='bbox 749 2545 846 2609; x_wconf 85' lang='lat' dir='ltr'><strong>servit</strong></span> <span class='ocrx_word' id='word_1_114' title='bbox 860 2547 994 2610; x_wconf 85' lang='lat' dir='ltr'><strong>oolleeta</strong></span> <span class='ocrx_word' id='word_1_115' title='bbox 1007 2545 1143 2630; x_wconf 76' lang='lat' dir='ltr'><strong>peeuma</strong></span> <span class='ocrx_word' id='word_1_116' title='bbox 1157 2545 1285 2628; x_wconf 83' lang='lat' dir='ltr'><strong>cuique,</strong></span> 
     </span>
     <span class='ocr_line' id='line_1_18' title="bbox 521 2655 1373 2739; baseline 0 -21"><span class='ocrx_word' id='word_1_117' title='bbox 521 2655 656 2719; x_wconf 69' lang='lat' dir='ltr'><strong>&#39;Portum</strong></span> <span class='ocrx_word' id='word_1_118' title='bbox 670 2655 769 2739; x_wconf 86' lang='lat' dir='ltr'><strong>digna</strong></span> <span class='ocrx_word' id='word_1_119' title='bbox 782 2655 874 2738; x_wconf 84' lang='lat' dir='ltr'><strong>sequi</strong></span> <span class='ocrx_word' id='word_1_120' title='bbox 887 2657 994 2739; x_wconf 86' lang='lat' dir='ltr'><strong>potius</strong></span> <span class='ocrx_word' id='word_1_121' title='bbox 1009 2677 1106 2739; x_wconf 87' lang='lat' dir='ltr'><strong>quam</strong></span> <span class='ocrx_word' id='word_1_122' title='bbox 1121 2655 1237 2719; x_wconf 84' lang='lat' dir='ltr'><strong>ducere</strong></span> <span class='ocrx_word' id='word_1_123' title='bbox 1250 2656 1373 2719; x_wconf 85' lang='lat' dir='ltr'><strong>funem.</strong></span> 
     </span>
     <span class='ocr_line' id='line_1_19' title="bbox 502 2765 1344 2850; baseline -0.005 -16"><span class='ocrx_word' id='word_1_124' title='bbox 502 2826 506 2834; x_wconf 91' lang='lat'>.</span> <span class='ocrx_word' id='word_1_125' title='bbox 523 2767 604 2830; x_wconf 84' lang='lat' dir='ltr'><strong>llaee</strong></span> <span class='ocrx_word' id='word_1_126' title='bbox 618 2765 678 2830; x_wconf 90' lang='lat' dir='ltr'><strong>tibi</strong></span> <span class='ocrx_word' id='word_1_127' title='bbox 693 2765 853 2829; x_wconf 84' lang='lat' dir='ltr'><strong>dictabam</strong></span> <span class='ocrx_word' id='word_1_128' title='bbox 868 2773 942 2850; x_wconf 91' lang='lat' dir='ltr'><strong>post</strong></span> <span class='ocrx_word' id='word_1_129' title='bbox 956 2766 1067 2830; x_wconf 82' lang='lat' dir='ltr'><strong>fanum</strong></span> <span class='ocrx_word' id='word_1_130' title='bbox 1082 2775 1177 2850; x_wconf 89' lang='lat' dir='ltr'><strong>putre</strong></span> <span class='ocrx_word' id='word_1_131' title='bbox 1191 2767 1344 2844; x_wconf 82' lang='lat' dir='ltr'><strong>Vaeunae,</strong></span> 
     </span>
    </p>
   </div>
   <div class='ocr_carea' id='block_1_3' title="bbox 522 2875 1521 2961">
    <p class='ocr_par' dir='ltr' id='par_1_3' title="bbox 522 2875 1521 2961">
     <span class='ocr_line' id='line_1_20' title="bbox 522 2875 1521 2961; baseline 0.001 -21"><span class='ocrx_word' id='word_1_132' title='bbox 522 2877 674 2961; x_wconf 83' lang='lat' dir='ltr'><strong>Exoepto,</strong></span> <span class='ocrx_word' id='word_1_133' title='bbox 691 2875 777 2960; x_wconf 90' lang='lat' dir='ltr'><strong>quod</strong></span> <span class='ocrx_word' id='word_1_134' title='bbox 790 2897 856 2941; x_wconf 92' lang='lat' dir='ltr'><strong>non</strong></span> <span class='ocrx_word' id='word_1_135' title='bbox 871 2877 968 2940; x_wconf 91' lang='lat' dir='ltr'><strong>simul</strong></span> <span class='ocrx_word' id='word_1_136' title='bbox 982 2897 1077 2957; x_wconf 89' lang='lat' dir='ltr'><strong>esses,</strong></span> <span class='ocrx_word' id='word_1_137' title='bbox 1093 2884 1200 2942; x_wconf 87' lang='lat' dir='ltr'><strong>oetera</strong></span> <span class='ocrx_word' id='word_1_138' title='bbox 1213 2877 1318 2942; x_wconf 75' lang='lat' dir='ltr'><strong>letus.</strong></span> <span class='ocrx_word' id='word_1_139' title='bbox 1476 2881 1521 2941; x_wconf 81' lang='lat'><strong>50</strong></span> 
     </span>
    </p>
   </div>
   <div class='ocr_carea' id='block_1_4' title="bbox 998 3315 1061 3379">
    <p class='ocr_par' dir='ltr' id='par_1_4' title="bbox 998 3315 1061 3379">
     <span class='ocr_line' id='line_1_21' title="bbox 998 3315 1061 3379; baseline -0.016 0"><span class='ocrx_word' id='word_1_140' title='bbox 998 3315 1061 3379; x_wconf 82' lang='lat' dir='ltr'><strong>xl.</strong></span> 
     </span>
    </p>
   </div>
   <div class='ocr_carea' id='block_1_5' title="bbox 306 3462 1518 4655">
    <p class='ocr_par' dir='ltr' id='par_1_5' title="bbox 523 3462 1350 3546">
     <span class='ocr_line' id='line_1_22' title="bbox 523 3462 1350 3546; baseline -0.007 -13"><span class='ocrx_word' id='word_1_141' title='bbox 523 3468 615 3533; x_wconf 77' lang='lat' dir='ltr'><strong>Quin</strong></span> <span class='ocrx_word' id='word_1_142' title='bbox 630 3465 691 3530; x_wconf 88' lang='lat' dir='ltr'><strong>tibi</strong></span> <span class='ocrx_word' id='word_1_143' title='bbox 704 3464 772 3528; x_wconf 83' lang='lat' dir='ltr'><strong>visa</strong></span> <span class='ocrx_word' id='word_1_144' title='bbox 787 3462 898 3542; x_wconf 86' lang='lat' dir='ltr'><strong>Chios,</strong></span> <span class='ocrx_word' id='word_1_145' title='bbox 914 3462 1047 3540; x_wconf 87' lang='lat' dir='ltr'><strong>Bullati,</strong></span> <span class='ocrx_word' id='word_1_146' title='bbox 1063 3470 1204 3546; x_wconf 87' lang='lat' dir='ltr'><strong>notaque</strong></span> <span class='ocrx_word' id='word_1_147' title='bbox 1219 3463 1350 3538; x_wconf 80' lang='lat' dir='ltr'><strong>Lesbos,</strong></span> 
     </span>
    </p>

    <p class='ocr_par' dir='ltr' id='par_1_6' title="bbox 522 3573 1387 3656">
     <span class='ocr_line' id='line_1_23' title="bbox 522 3573 1387 3656; baseline -0.007 -14"><span class='ocrx_word' id='word_1_148' title='bbox 522 3576 609 3642; x_wconf 83' lang='lat' dir='ltr'><strong>Quid</strong></span> <span class='ocrx_word' id='word_1_149' title='bbox 625 3577 780 3640; x_wconf 87' lang='lat' dir='ltr'><strong>concinna</strong></span> <span class='ocrx_word' id='word_1_150' title='bbox 797 3577 921 3652; x_wconf 86' lang='lat' dir='ltr'><strong>Samos,</strong></span> <span class='ocrx_word' id='word_1_151' title='bbox 938 3573 1017 3656; x_wconf 89' lang='lat' dir='ltr'><strong>quid</strong></span> <span class='ocrx_word' id='word_1_152' title='bbox 1032 3573 1137 3638; x_wconf 90' lang='lat' dir='ltr'><strong>Croesi</strong></span> <span class='ocrx_word' id='word_1_153' title='bbox 1152 3574 1252 3656; x_wconf 85' lang='lat' dir='ltr'><strong>regia,</strong></span> <span class='ocrx_word' id='word_1_154' title='bbox 1269 3573 1387 3649; x_wconf 87' lang='lat' dir='ltr'><strong>Sardis,</strong></span> 
     </span>
    </p>

    <p class='ocr_par' dir='ltr' id='par_1_7' title="bbox 522 3683 1469 3771">
     <span class='ocr_line' id='line_1_24' title="bbox 522 3683 1469 3771; baseline -0.003 -22"><span class='ocrx_word' id='word_1_155' title='bbox 522 3691 661 3771; x_wconf 85' lang='lat' dir='ltr'><strong>Smyrna</strong></span> <span class='ocrx_word' id='word_1_156' title='bbox 675 3685 751 3769; x_wconf 88' lang='lat' dir='ltr'><strong>quid</strong></span> <span class='ocrx_word' id='word_1_157' title='bbox 766 3693 799 3750; x_wconf 92' lang='lat' dir='ltr'><strong>et</strong></span> <span class='ocrx_word' id='word_1_158' title='bbox 814 3683 1006 3768; x_wconf 85' lang='lat' dir='ltr'><strong>Colophon?</strong></span> <span class='ocrx_word' id='word_1_159' title='bbox 1052 3683 1181 3767; x_wconf 85' lang='lat' dir='ltr'><strong>Majora</strong></span> <span class='ocrx_word' id='word_1_160' title='bbox 1195 3685 1357 3748; x_wconf 87' lang='lat' dir='ltr'><strong>minorave</strong></span> <span class='ocrx_word' id='word_1_161' title='bbox 1371 3684 1469 3762; x_wconf 86' lang='lat' dir='ltr'><strong>fama,</strong></span> 
     </span>
    </p>

    <p class='ocr_par' dir='ltr' id='par_1_8' title="bbox 520 3794 1436 3880">
     <span class='ocr_line' id='line_1_25' title="bbox 520 3794 1436 3880; baseline -0.005 -18"><span class='ocrx_word' id='word_1_162' title='bbox 520 3799 686 3862; x_wconf 87' lang='lat' dir='ltr'><strong>Cunetaue</strong></span> <span class='ocrx_word' id='word_1_163' title='bbox 702 3819 767 3880; x_wconf 87' lang='lat' dir='ltr'><strong>prae</strong></span> <span class='ocrx_word' id='word_1_164' title='bbox 782 3797 905 3879; x_wconf 89' lang='lat' dir='ltr'><strong>Campo</strong></span> <span class='ocrx_word' id='word_1_165' title='bbox 920 3803 953 3859; x_wconf 85' lang='lat' dir='ltr'><strong>et</strong></span> <span class='ocrx_word' id='word_1_166' title='bbox 967 3795 1119 3858; x_wconf 82' lang='lat' dir='ltr'><strong>Tiberino</strong></span> <span class='ocrx_word' id='word_1_167' title='bbox 1134 3795 1267 3858; x_wconf 87' lang='lat' dir='ltr'><strong>flumine</strong></span> <span class='ocrx_word' id='word_1_168' title='bbox 1280 3794 1436 3859; x_wconf 83' lang='lat' dir='ltr'><strong>sordent?</strong></span> 
     </span>
    </p>

    <p class='ocr_par' dir='ltr' id='par_1_9' title="bbox 306 3905 1516 4099">
     <span class='ocr_line' id='line_1_26' title="bbox 519 3905 1516 3983; baseline -0.003 -10"><span class='ocrx_word' id='word_1_169' title='bbox 519 3911 572 3973; x_wconf 86' lang='lat' dir='ltr'><strong>An</strong></span> <span class='ocrx_word' id='word_1_170' title='bbox 587 3909 674 3972; x_wconf 86' lang='lat' dir='ltr'><strong>venit</strong></span> <span class='ocrx_word' id='word_1_171' title='bbox 688 3909 723 3970; x_wconf 92' lang='lat' dir='ltr'><strong>in</strong></span> <span class='ocrx_word' id='word_1_172' title='bbox 737 3913 847 3971; x_wconf 88' lang='lat' dir='ltr'><strong>votum</strong></span> <span class='ocrx_word' id='word_1_173' title='bbox 862 3906 1013 3970; x_wconf 86' lang='lat' dir='ltr'><strong>Attalicis</strong></span> <span class='ocrx_word' id='word_1_174' title='bbox 1028 3927 1067 3970; x_wconf 85' lang='lat' dir='ltr'><strong>ex</strong></span> <span class='ocrx_word' id='word_1_175' title='bbox 1082 3905 1217 3970; x_wconf 85' lang='lat' dir='ltr'><strong>urbibus</strong></span> <span class='ocrx_word' id='word_1_176' title='bbox 1233 3927 1309 3983; x_wconf 89' lang='lat' dir='ltr'><strong>una,</strong></span> <span class='ocrx_word' id='word_1_177' title='bbox 1496 3910 1516 3970; x_wconf 87' lang='lat'><strong>5</strong></span> 
     </span>
     <span class='ocr_line' id='line_1_27' title="bbox 306 4001 1412 4099; baseline -0.006 -15"><span class='ocrx_word' id='word_1_178' title='bbox 306 4056 414 4098; x_wconf 57' lang='lat' dir='ltr'><strong>mm</strong></span> <span class='ocrx_word' id='word_1_179' title='bbox 426 4059 444 4098; x_wconf 69' lang='lat'><strong>2⁸</strong></span> <span class='ocrx_word' id='word_1_180' title='bbox 454 4059 473 4098; x_wconf 53' lang='grc' dir='ltr'><strong>Β,</strong></span> <span class='ocrx_word' id='word_1_181' title='bbox 484 4057 503 4098; x_wconf 61' lang='grc'><strong>7,</strong></span> <span class='ocrx_word' id='word_1_182' title='bbox 519 4021 572 4083; x_wconf 86' lang='lat' dir='ltr'><strong>An</strong></span> <span class='ocrx_word' id='word_1_183' title='bbox 588 4017 753 4084; x_wconf 86' lang='lat' dir='ltr'><strong>Lebedum</strong></span> <span class='ocrx_word' id='word_1_184' title='bbox 768 4015 879 4080; x_wconf 85' lang='lat' dir='ltr'><strong>laudas</strong></span> <span class='ocrx_word' id='word_1_185' title='bbox 894 4017 967 4081; x_wconf 91' lang='lat' dir='ltr'><strong>odio</strong></span> <span class='ocrx_word' id='word_1_186' title='bbox 982 4017 1080 4080; x_wconf 88' lang='lat' dir='ltr'><strong>maris</strong></span> <span class='ocrx_word' id='word_1_187' title='bbox 1095 4024 1191 4099; x_wconf 87' lang='lat' dir='ltr'><strong>atque</strong></span> <span class='ocrx_word' id='word_1_188' title='bbox 1205 4016 1352 4080; x_wconf 71' lang='lat' dir='ltr'><strong>darum?</strong></span> <span class='ocrx_word' id='word_1_189' title='bbox 1406 4001 1412 4011; x_wconf 69' lang='grc'><em>’</em></span> 
     </span>
    </p>

    <p class='ocr_par' dir='ltr' id='par_1_10' title="bbox 519 4125 1354 4209">
     <span class='ocr_line' id='line_1_28' title="bbox 519 4125 1354 4209; baseline -0.004 -16"><span class='ocrx_word' id='word_1_190' title='bbox 519 4130 598 4208; x_wconf 90' lang='lat' dir='ltr'><strong>Seis,</strong></span> <span class='ocrx_word' id='word_1_191' title='bbox 616 4126 764 4194; x_wconf 83' lang='lat' dir='ltr'><strong>Lebedus</strong></span> <span class='ocrx_word' id='word_1_192' title='bbox 780 4126 857 4209; x_wconf 90' lang='lat' dir='ltr'><strong>quid</strong></span> <span class='ocrx_word' id='word_1_193' title='bbox 870 4127 935 4206; x_wconf 82' lang='lat' dir='ltr'><strong>sit3</strong></span> <span class='ocrx_word' id='word_1_194' title='bbox 960 4126 1072 4192; x_wconf 84' lang='lat' dir='ltr'><strong>Gabiis</strong></span> <span class='ocrx_word' id='word_1_195' title='bbox 1087 4125 1243 4190; x_wconf 85' lang='lat' dir='ltr'><strong>desertior</strong></span> <span class='ocrx_word' id='word_1_196' title='bbox 1258 4133 1354 4209; x_wconf 89' lang='lat' dir='ltr'><strong>atque</strong></span> 
     </span>
    </p>

    <p class='ocr_par' dir='ltr' id='par_1_11' title="bbox 518 4237 1231 4315">
     <span class='ocr_line' id='line_1_29' title="bbox 518 4237 1231 4315; baseline -0.008 -9"><span class='ocrx_word' id='word_1_197' title='bbox 518 4240 648 4307; x_wconf 85' lang='lat' dir='ltr'><strong>Fidenis</strong></span> <span class='ocrx_word' id='word_1_198' title='bbox 662 4239 750 4302; x_wconf 86' lang='lat' dir='ltr'><strong>vicus</strong></span> <span class='ocrx_word' id='word_1_199' title='bbox 762 4265 771 4315; x_wconf 89' lang='lat'>;</span> <span class='ocrx_word' id='word_1_200' title='bbox 795 4244 904 4301; x_wconf 89' lang='lat' dir='ltr'><strong>tamen</strong></span> <span class='ocrx_word' id='word_1_201' title='bbox 918 4237 985 4300; x_wconf 89' lang='lat' dir='ltr'><strong>illic</strong></span> <span class='ocrx_word' id='word_1_202' title='bbox 998 4238 1103 4302; x_wconf 83' lang='lat' dir='ltr'><strong>vivere</strong></span> <span class='ocrx_word' id='word_1_203' title='bbox 1118 4237 1231 4301; x_wconf 89' lang='lat' dir='ltr'><strong>vellem</strong></span> 
     </span>
    </p>

    <p class='ocr_par' dir='ltr' id='par_1_12' title="bbox 519 4347 1249 4434">
     <span class='ocr_line' id='line_1_30' title="bbox 519 4347 1249 4434; baseline -0.008 -16"><span class='ocrx_word' id='word_1_204' title='bbox 519 4351 710 4434; x_wconf 88' lang='lat' dir='ltr'><strong>Oblitusque</strong></span> <span class='ocrx_word' id='word_1_205' title='bbox 725 4369 872 4413; x_wconf 88' lang='lat' dir='ltr'><strong>meorum</strong></span> <span class='ocrx_word' id='word_1_206' title='bbox 887 4347 1122 4411; x_wconf 86' lang='lat' dir='ltr'><strong>obliviscendus</strong></span> <span class='ocrx_word' id='word_1_207' title='bbox 1136 4355 1170 4412; x_wconf 90' lang='lat' dir='ltr'><strong>et</strong></span> <span class='ocrx_word' id='word_1_208' title='bbox 1185 4347 1249 4412; x_wconf 86' lang='lat' dir='ltr'><strong>illis</strong></span> 
     </span>
    </p>

    <p class='ocr_par' dir='ltr' id='par_1_13' title="bbox 518 4459 1518 4546">
     <span class='ocr_line' id='line_1_31' title="bbox 518 4459 1518 4546; baseline -0.003 -19"><span class='ocrx_word' id='word_1_209' title='bbox 518 4465 708 4546; x_wconf 89' lang='lat' dir='ltr'><strong>Neptunum</strong></span> <span class='ocrx_word' id='word_1_210' title='bbox 723 4459 833 4544; x_wconf 86' lang='lat' dir='ltr'><strong>procul</strong></span> <span class='ocrx_word' id='word_1_211' title='bbox 848 4467 965 4522; x_wconf 86' lang='lat' dir='ltr'><strong>eterra</strong></span> <span class='ocrx_word' id='word_1_212' title='bbox 979 4467 1121 4542; x_wconf 84' lang='lat' dir='ltr'><strong>spectare</strong></span> <span class='ocrx_word' id='word_1_213' title='bbox 1134 4459 1305 4524; x_wconf 87' lang='lat' dir='ltr'><strong>furentem.</strong></span> <span class='ocrx_word' id='word_1_214' title='bbox 1476 4464 1518 4524; x_wconf 92' lang='lat'><strong>10</strong></span> 
     </span>
    </p>

    <p class='ocr_par' dir='ltr' id='par_1_14' title="bbox 521 4569 1429 4655">
     <span class='ocr_line' id='line_1_32' title="bbox 521 4569 1429 4655; baseline -0.006 -19"><span class='ocrx_word' id='word_1_215' title='bbox 521 4573 584 4638; x_wconf 88' lang='lat' dir='ltr'><strong>Sed</strong></span> <span class='ocrx_word' id='word_1_216' title='bbox 598 4593 713 4655; x_wconf 86' lang='lat' dir='ltr'><strong>neque,</strong></span> <span class='ocrx_word' id='word_1_217' title='bbox 729 4571 783 4654; x_wconf 91' lang='lat' dir='ltr'><strong>qui</strong></span> <span class='ocrx_word' id='word_1_218' title='bbox 799 4573 910 4652; x_wconf 85' lang='lat' dir='ltr'><strong>Capua</strong></span> <span class='ocrx_word' id='word_1_219' title='bbox 927 4571 1064 4633; x_wconf 87' lang='lat' dir='ltr'><strong>Romam</strong></span> <span class='ocrx_word' id='word_1_220' title='bbox 1079 4570 1162 4652; x_wconf 83' lang='lat' dir='ltr'><strong>petit</strong></span> <span class='ocrx_word' id='word_1_221' title='bbox 1178 4570 1282 4633; x_wconf 87' lang='lat' dir='ltr'><strong>imbre</strong></span> <span class='ocrx_word' id='word_1_222' title='bbox 1297 4569 1429 4652; x_wconf 85' lang='lat' dir='ltr'><strong>lutoque</strong></span> 
     </span>
    </p>
   </div>
   <div class='ocr_carea' id='block_1_6' title="bbox 805 4732 1234 4780">
    <p class='ocr_par' dir='ltr' id='par_1_15' title="bbox 805 4732 1234 4780">
     <span class='ocr_line' id='line_1_33' title="bbox 805 4732 1234 4780; baseline -0.002 0"><span class='ocrx_word' id='word_1_223' title='bbox 805 4733 844 4780; x_wconf 79' lang='lat' dir='ltr'><strong>to.</strong></span> <span class='ocrx_word' id='word_1_224' title='bbox 863 4732 948 4780; x_wconf 80' lang='lat' dir='ltr'><strong>vehet.</strong></span> <span class='ocrx_word' id='word_1_225' title='bbox 1049 4733 1072 4779; x_wconf 79' lang='lat'><strong>3.</strong></span> <span class='ocrx_word' id='word_1_226' title='bbox 1092 4733 1234 4780; x_wconf 74' lang='lat' dir='ltr'><strong>minorans.</strong></span> 
     </span>
    </p>
   </div>
   <div class='ocr_carea' id='block_1_7' title="bbox 0 0 1734 5667">
    <p class='ocr_par' dir='ltr' id='par_1_16' title="bbox 0 0 1734 5667">
     <span class='ocr_line' id='line_1_34' title="bbox 0 0 1734 5667; baseline 0 0"><span class='ocrx_word' id='word_1_227' title='bbox 0 0 1734 5667; x_wconf 95' lang='lat' dir='ltr'><strong> </strong></span> 
     </span>
    </p>
   </div>
  </div>
 </body>
</html>
