3450 5667
533 736 754 795 naumurum
790 736 870 797 rra.
890 721 952 797 m.
974 756 1042 797 m.

277 899 390 964 Summi
403 900 572 965 materiem
586 901 673 979 mali,

211 1011 244 1072 50
313 1010 489 1091 Mittamus,
504 1011 662 1077 scelerum
676 1012 705 1076 si
718 1011 802 1076 bene
815 1012 962 1095 poenitet.

278 1120 430 1186 Eradendu
443 1122 603 1207 cupidinis

315 1234 400 1299 Pruri
413 1244 491 1299 sunt
504 1235 685 1300 elementa:
709 1242 742 1300 et
756 1242 875 1299 tenerue
889 1234 985 1299 nimis

278 1342 393 1409 Mentes
407 1345 619 1430 asperioribus
727 1387 732 1395 -

315 1454 493 1521 Formandae
508 1455 635 1520 studiis.
679 1455 796 1521 Nescit
809 1477 892 1540 equo
910 1455 999 1520 rudia

214 1565 246 1623 55
281 1563 396 1630 Haerere
407 1567 567 1650 ingenuus
580 1588 671 1651 puer,

316 1675 488 1760 Venerique
501 1676 597 1739 timet
608 1701 618 1754 ς
640 1675 750 1739 ludere
764 1676 897 1756 doctior,

284 1785 339 1848 Seu
352 1788 461 1851 Gmco
471 1786 588 1870 jubeas
601 1785 725 1864 trocho,

319 1897 377 1960 Seu
388 1898 479 1961 mulis
491 1897 592 1961 vetita
606 1896 729 1979 legibus
743 1895 832 1961 alea:

282 2004 379 2072 Quum
391 2009 515 2091 perjura
528 2007 630 2092 patris
644 2006 722 2070 fides

216 2113 248 2175 60
319 2118 496 2200 Consortem
510 2118 633 2182 socium
647 2116 738 2181 fallat
752 2126 785 2181 et
799 2117 968 2203 hospitem,

283 2226 471 2313 Indignoque
484 2229 653 2313 pecuniam

319 2338 431 2403 Heredi
444 2348 601 2424 properet.
646 2338 943 2425 Scilioet'improbae

283 2450 423 2514 Crescunt
436 2451 553 2515 divitiae
568 2477 576 2514 z
598 2459 710 2515 tamen

319 2560 418 2627 Curtae
430 2564 535 2627 neseio
549 2560 626 2646 quid
640 2582 766 2646 semper
778 2560 869 2626 abest
883 2562 940 2626 rei.

620 2969 727 3034 XXV.

285 3108 352 3176 Quo
364 3136 422 3194 me,
436 3117 572 3195 Bacche,
586 3117 672 3200 rupis
684 3116 734 3179 tui
751 3160 754 3163 -

321 3222 473 3287 Plenum?
495 3225 578 3290 Quae
592 3245 725 3289 nemore
738 3231 795 3289 out
810 3244 891 3308 qnos
900 3244 978 3309 ugor
987 3223 1022 3287 in
1033 3244 1156 3308 specus,
1187 3263 1206 3293 ι,
1216 3251 1240 3291 c.
1251 3253 1269 3291 a.
1282 3252 1298 3290 r.
1308 3252 1327 3291 u.

283 3328 376 3396 Velox
389 3344 491 3400 mente
504 3336 613 3399 nova?
658 3334 785 3400 Quibus

320 3443 423 3509 Annis
436 3445 555 3530 egregii
570 3445 703 3510 Caesaris
717 3443 830 3507 audiar

231 3549 247 3607 ὅ
283 3549 436 3619 AEternum
450 3556 609 3619 meditans
622 3554 725 3629 decus

322 3663 418 3730 Stellio
431 3667 569 3731 inserere
583 3673 617 3729 et
631 3665 763 3729 consilio
778 3664 893 3730 Jovis?

282 3770 384 3837 Dicam
395 3777 528 3861 insigne,
544 3798 664 3854 reeens,
680 3775 786 3839 adhue
812 3824 819 3831 .

319 3884 472 3952 Indietnm
486 3909 542 3952 ore
557 3888 630 3951 ulio.
673 3886 755 3954 Non
768 3907 858 3950 secus
873 3886 908 3950 in
919 3885 1007 3971 jugis

280 3996 434 4065 Exsomnis
447 4010 556 4087 stupet
569 4001 693 4065 Euhias

215 4104 247 4165 10
321 4109 458 4177 Hebrum
472 4112 675 4197 prospiciens,
691 4118 725 4175 et
738 4109 811 4174 nive
833 4110 1001 4175 candidum

281 4217 412 4284 'l’hraoen
426 4245 462 4287 ao
475 4224 556 4309 pede
569 4222 707 4287 barbaro

320 4331 493 4399 Lustratum
509 4334 698 4419 Rhodopen.
744 4337 793 4401 Ut
807 4334 888 4399 mihi
903 4332 993 4397 devio

283 4438 375 4524 Ripus
387 4452 417 4509 et
428 4468 562 4512 uacuum
575 4468 691 4511 nemus

321 4556 428 4621 Mirari
440 4561 540 4625 libet!
586 4563 616 4626 Ο
631 4560 796 4625 Naiadum
810 4566 924 4644 potens

390 4730 426 4778 54
441 4734 585 4794 iirmsndoe,
600 4738 670 4785 Brut.
683 4736 744 4795 conj.
856 4734 897 4781 13.
915 4748 1001 4795 rupor.
1102 4772 1108 4779 .

1047 4875 1051 4883 .
1138 4844 1195 4894 112

1188 1816 1246 1859 θνα.
1257 1816 1278 1859 8,
1287 1816 1335 1859 Η
1346 1816 1378 1859 11.

1188 3150 1340 3193 ustauh

1221 3302 1350 3344 &hin

1186 3513 1231 3557 eor.
1242 3502 1265 3545 0.
1277 3504 1323 3545 Lu.
1334 3503 1365 3545 11.

1187 3685 1228 3727 tur.
1239 3686 1262 3726 c.
1274 3686 1319 3725 1.1.
1330 3686 1361 3725 ³5.

1187 3736 1370 3779 musteum

1187 3822 1327 3875 poena

1189 4148 1343 4193 aliha

1190 4490 1220 4530 ιι.
1232 4478 1257 4519 Ε.
1268 4478 1316 4527 m.
1327 4476 1359 4519 77.

1188 4595 1237 4637 adr.
1248 4594 1271 4635 0.
1281 4596 1300 4636 ³.
1310 4596 1341 4637 w.
1349 4594 1380 4635 11.
