3450 5667
517 747 755 807 sArlnAnUn
790 748 860 807 ΗΒ
887 745 915 808 Ι.
945 750 981 808 vi.
1304 675 1362 810 lsi

162 907 254 974 bUt
269 908 420 994 plerique
433 910 550 991 solent,
565 912 823 998 nnsosnspendis
837 913 964 980 nduneo
1158 937 1341 979 messes.

204 1021 347 1103 Ignotum
361 1029 399 1086 ut
413 1043 467 1088 me
480 1021 632 1088 libertino
645 1031 736 1108 putre
750 1033 875 1088 nutum.
1157 1057 1195 1102 ω,
1205 986 1236 1102 ἔ
1237 987 1359 1103 1¹35

205 1133 292 1196 Cum
307 1131 429 1196 referre
443 1153 553 1218 negss,
570 1135 657 1216 quali
671 1134 715 1198 sit
730 1135 864 1219 quisque
878 1143 1011 1220 parente

205 1241 328 1322 Notus,
345 1243 424 1306 dum
436 1243 615 1328 ingenuus:
638 1245 810 1330 persuades
823 1246 886 1311 hoo
899 1247 960 1311 tibi
973 1267 1058 1326 vere,

209 1353 297 1418 Ante
312 1361 507 1438 potestatem
521 1355 608 1420 lulli
622 1363 720 1440 atque
733 1355 875 1440 ignobile
889 1377 1026 1440 regnum

152 1459 190 1522 10
210 1461 339 1527 Multos
353 1484 434 1550 saepe
447 1465 531 1530 viros
545 1465 644 1530 nullis
657 1466 834 1550 majoribus
848 1474 937 1531 ortos

211 1573 256 1636 Et
270 1573 386 1638 vixisse
399 1575 526 1659 probos,
542 1577 894 1660 amplisetbouoribns
908 1585 1043 1656 anctos3
1390 1641 1393 1646 .

213 1682 337 1748 Coum
350 1686 528 1765 Isaevinum,
544 1687 654 1752 Valeri
669 1709 782 1772 genus,
798 1687 885 1752 unde
900 1687 1065 1773 Superbus
1157 1699 1244 1743 ΜΘ,
1253 1699 1274 1744 ¹·
1283 1701 1315 1743 ¹¹
1324 1699 1359 1743 ¹⁷·

213 1793 403 1878 Tarquinius
416 1818 516 1880 regno
530 1797 643 1882 pulsus
657 1798 752 1882 fugit,
767 1798 864 1862 unius
877 1799 958 1862 neeis

214 1903 291 1966 Non
305 1927 459 1990 umquem
473 1908 577 1992 pretio
591 1908 690 1994 pluris
704 1908 832 1974 licuisse
846 1916 983 1973 notente

160 2014 194 2074 15
216 2014 330 2080 ludios
344 2039 406 2102 quo
419 2019 507 2084 nosti
520 2019 650 2104 populo,
665 2020 721 2104 qui
735 2020 854 2085 stultus
868 2020 1007 2085 bonores

217 2126 307 2210 Saepe
321 2127 376 2192 dnt
389 2129 530 2214 indignis
545 2137 580 2196 et
592 2132 686 2198 inmte
701 2132 798 2196 servit
812 2131 952 2216 ineptus,
1158 2142 1205 2185 Μ
1214 2143 1241 2184 ¹¹·
1250 2143 1270 2184 ¹·
1280 2143 1351 2186 Μ

218 2237 280 2302 Qui
295 2245 403 2324 stupet
416 2241 452 2304 in
466 2241 571 2306 titulis
585 2249 619 2308 et
632 2242 838 2327 imaginibus.
884 2242 973 2309 Quid
983 2248 1110 2326 oportet
1159 2259 1195 2301 m.
1205 2259 1259 2302 us
1269 2258 1302 2300 ιι
1311 2259 1333 2302 s

218 2346 285 2411 Nos
298 2348 402 2416 faeere
416 2372 436 2416 s
449 2352 545 2436 volgo
558 2352 654 2436 longe
667 2353 826 2438 longeque
839 2353 1008 2418 remotos?

218 2457 364 2543 Namque
378 2469 460 2541 esto,
474 2463 611 2546 populus
625 2464 758 2530 Laevino
771 2465 884 2530 mallet
896 2463 1052 2528 bonorem

164 2567 201 2628 2⁰
220 2568 324 2635 Quum
337 2571 437 2638 Decio
450 2563 604 2640 mmudnre
618 2595 711 2655 novo,
727 2595 904 2659 censorque
917 2579 1061 2640 moveret

220 2679 349 2764 Appius,
362 2682 505 2768 ingenuo
518 2685 546 2750 si
559 2705 627 2750 non
640 2706 742 2752 essem
756 2693 848 2770 putre
861 2692 978 2750 nutus:

221 2790 279 2854 Vel
292 2793 416 2875 merito,
431 2796 586 2880 quonium
599 2796 634 2861 in
648 2795 776 2882 propris
789 2817 855 2862 non
869 2795 952 2880 pelle
965 2795 1135 2880 quiessem.

223 2901 282 2965 Sed
295 2903 436 3006 fulgente
449 2906 756 2972 trubitooustriotos
772 2905 996 2974 Gloriuourru
1158 2911 1285 2967 now·
1295 2911 1341 2955 ¹⁷⁷·

220 3010 292 3078 Non
305 3016 410 3082 minus
423 3017 552 3102 ignotos
566 3017 738 3102 generosis.
784 3017 859 3086 Quo
872 3016 944 3096 tibi3
960 3016 1047 3096 lilii,

171 3121 205 3180 25
225 3122 349 3191 Sumere
362 3127 543 3212 depositum
557 3129 683 3194 olavum
697 3127 830 3212 fierique
843 3127 1001 3194 tribuno?

225 3231 342 3300 invidis
355 3238 505 3318 secrevit,
520 3239 644 3323 psivsto
658 3259 731 3323 quse
745 3239 853 3304 minor
866 3246 962 3304 esset.

224 3342 304 3410 Num
318 3349 497 3434 utquisque
508 3350 640 3414 insenos
649 3350 751 3434 nigris
761 3349 906 3414 medinm
916 3347 1063 3433 impediit
1074 3367 1147 3414 erus

224 3451 355 3524 Pellibus
368 3467 403 3526 et
416 3461 521 3526 istum
536 3461 665 3526 demisit
678 3468 808 3546 pectore
822 3460 961 3540 clavum,

224 3565 490 3638 Auditoontinuo:
507 3571 590 3639 Quis
600 3573 699 3638 bomo
708 3572 841 3638 bieestl
859 3577 1022 3655 quoputre
1029 3565 1146 3636 notus?
1157 3573 1207 3626 Μ·
1217 3575 1243 3618 ¹¹·
1254 3575 1272 3617 ¹·
1282 3573 1302 3618 ⁷·
1312 3573 1345 3617 ὕ*

175 3669 208 3729 30
227 3673 268 3738 Ut
281 3679 306 3742 si
321 3681 375 3764 qui
389 3689 527 3766 aegrotet
541 3703 605 3767 quo
618 3682 733 3748 morbo
748 3682 880 3760 Burrus,
895 3680 1006 3745 heberi

226 3785 268 3848 Ut
280 3791 384 3874 cupiat
398 3791 570 3871 formosus,
585 3799 639 3856 ent
654 3813 866 3875 quocumque,
881 3791 996 3876 puellis

226 3893 345 3978 Injioiut
359 3921 472 3966 curum
488 3901 650 3986 quserendi
665 3901 803 3986 singule,
818 3901 906 3985 qunli

227 4005 270 4070 Sit
282 4010 370 4090 isoio,
386 4033 473 4091 suro,
490 4013 577 4097 qunli
591 4013 682 4098 pede,
697 4012 957 4097 dente‚'oapillo=

227 4115 273 4182 Sic
286 4122 339 4204 qui
352 4123 516 4206 promittit
530 4123 624 4203 cives,
638 4123 753 4188 urbem
768 4123 831 4188 sibi
845 4144 931 4188 eures

179 4217 210 4280 35
227 4221 390 4311 Imperium
404 4231 474 4296 iore
489 4239 522 4298 et
537 4233 678 4312 ltaliam,
692 4232 827 4298 delubra
840 4233 986 4310 deorum,
1161 4237 1205 4284 ἀεὶ·
1214 4238 1239 4282 ⁰·
1248 4239 1268 4280 ³·
1277 4237 1297 4278 ⁰·
1307 4237 1328 4280 ²·

227 4333 291 4402 Quo
303 4348 393 4426 patre
407 4341 451 4408 sit
466 4349 573 4421 nutus,
588 4363 669 4408 num
683 4341 795 4426 ignota
808 4351 912 4408 metm
925 4341 1127 4418 inhonestus,

227 4446 334 4516 Omnes
349 4455 503 4519 mortales
517 4475 629 4520 curere
643 4462 677 4520 et
692 4475 831 4538 querere
846 4454 944 4538 cogit.

225 4553 304 4626 Tune
321 4563 405 4649 Syri,
422 4563 537 4630 Damae
552 4572 609 4630 eut
624 4564 761 4651 Dionysi
776 4565 872 4646 lilius,
889 4564 988 4630 andes

181 4705 208 4756 1⁸·
222 4711 283 4780 iunge
294 4721 406 4786 lateque.
453 4725 493 4773 29.
506 4723 548 4773 bic
560 4727 623 4784 uut5
641 4724 683 4773 bic
695 4727 737 4774 et:
757 4727 855 4782 nolunt,
869 4723 894 4772 S.
940 4719 1149 4771 bbeidblubm·
