<?xml version="1.0" encoding="UTF-8"?>
<!DOCTYPE html PUBLIC "-//W3C//DTD XHTML 1.0 Transitional//EN"
    "http://www.w3.org/TR/xhtml1/DTD/xhtml1-transitional.dtd">
<html xmlns="http://www.w3.org/1999/xhtml" xml:lang="en" lang="en">
 <head>
  <title>
</title>
<meta http-equiv="Content-Type" content="text/html;charset=utf-8" />
  <meta name='ocr-system' content='tesseract 3.04.00' />
  <meta name='ocr-capabilities' content='ocr_page ocr_carea ocr_par ocr_line ocrx_word'/>
</head>
<body>
  <div class='ocr_page' id='page_1' title='image "./quintihoratifla01horagoog_0089.png"; bbox 0 0 3450 5667; ppageno 0'>
   <div class='ocr_carea' id='block_1_1' title="bbox 240 1965 263 2025">
    <p class='ocr_par' dir='ltr' id='par_1_1' title="bbox 240 1965 263 2025">
     <span class='ocr_line' id='line_1_1' title="bbox 240 1965 263 2025; baseline 0 0"><span class='ocrx_word' id='word_1_1' title='bbox 240 1965 263 2025; x_wconf 90' lang='lat'>5</span> 
     </span>
    </p>
   </div>
   <div class='ocr_carea' id='block_1_2' title="bbox 631 707 1103 789">
    <p class='ocr_par' dir='ltr' id='par_1_2' title="bbox 631 707 1103 789">
     <span class='ocr_line' id='line_1_2' title="bbox 631 707 1103 789; baseline 0.017 -21"><span class='ocrx_word' id='word_1_2' title='bbox 631 710 855 770; x_wconf 79' lang='lat' dir='ltr'><em>CARMINUM</em></span> <span class='ocrx_word' id='word_1_3' title='bbox 889 707 968 773; x_wconf 71' lang='grc' dir='ltr'><strong>ΜΒ.</strong></span> <span class='ocrx_word' id='word_1_4' title='bbox 986 716 1032 775; x_wconf 89' lang='lat' dir='ltr'><strong>II.</strong></span> <span class='ocrx_word' id='word_1_5' title='bbox 1052 735 1103 789; x_wconf 60' lang='lat' dir='ltr'><strong>rx.</strong></span> 
     </span>
    </p>
   </div>
   <div class='ocr_carea' id='block_1_3' title="bbox 417 879 1069 1080">
    <p class='ocr_par' dir='ltr' id='par_1_3' title="bbox 417 879 1069 1080">
     <span class='ocr_line' id='line_1_3' title="bbox 417 879 1069 971; baseline 0.011 -25"><span class='ocrx_word' id='word_1_6' title='bbox 417 879 573 962; x_wconf 79' lang='lat' dir='ltr'><strong>Cuudntn,</strong></span> <span class='ocrx_word' id='word_1_7' title='bbox 589 887 622 947; x_wconf 84' lang='lat' dir='ltr'><strong>et</strong></span> <span class='ocrx_word' id='word_1_8' title='bbox 637 883 814 953; x_wconf 79' lang='lat' dir='ltr'><strong>reoedentis</strong></span> <span class='ocrx_word' id='word_1_9' title='bbox 829 885 975 971; x_wconf 78' lang='lat' dir='ltr'><strong>trilingui</strong></span> <span class='ocrx_word' id='word_1_10' title='bbox 1063 903 1069 912; x_wconf 81' lang='grc'><strong>“</strong></span> 
     </span>
     <span class='ocr_line' id='line_1_4' title="bbox 462 991 942 1080; baseline 0.006 -23"><span class='ocrx_word' id='word_1_11' title='bbox 462 992 527 1057; x_wconf 89' lang='lat' dir='ltr'><strong>Ore</strong></span> <span class='ocrx_word' id='word_1_12' title='bbox 542 991 637 1076; x_wconf 75' lang='lat' dir='ltr'><strong>pedes</strong></span> <span class='ocrx_word' id='word_1_13' title='bbox 651 993 823 1080; x_wconf 77' lang='lat' dir='ltr'><strong>tetigitque</strong></span> <span class='ocrx_word' id='word_1_14' title='bbox 838 1016 942 1060; x_wconf 76' lang='lat' dir='ltr'><strong>ornrn</strong></span> 
     </span>
    </p>
   </div>
   <div class='ocr_carea' id='block_1_4' title="bbox 701 1362 776 1426">
    <p class='ocr_par' dir='ltr' id='par_1_4' title="bbox 701 1362 776 1426">
     <span class='ocr_line' id='line_1_5' title="bbox 701 1362 776 1426; baseline -0.027 0"><span class='ocrx_word' id='word_1_15' title='bbox 701 1362 776 1426; x_wconf 90' lang='lat' dir='ltr'><strong>XX.</strong></span> 
     </span>
    </p>
   </div>
   <div class='ocr_carea' id='block_1_5' title="bbox 361 1492 1098 2622">
    <p class='ocr_par' dir='ltr' id='par_1_5' title="bbox 361 1492 1098 2622">
     <span class='ocr_line' id='line_1_6' title="bbox 368 1492 866 1560; baseline 0.01 -5"><span class='ocrx_word' id='word_1_16' title='bbox 368 1492 452 1556; x_wconf 75' lang='lat' dir='ltr'><strong>Nor</strong></span> <span class='ocrx_word' id='word_1_17' title='bbox 467 1492 588 1557; x_wconf 71' lang='lat' dir='ltr'><strong>usitate</strong></span> <span class='ocrx_word' id='word_1_18' title='bbox 601 1495 766 1559; x_wconf 83' lang='lat' dir='ltr'><strong>nee-tenui</strong></span> <span class='ocrx_word' id='word_1_19' title='bbox 780 1495 866 1560; x_wconf 76' lang='lat' dir='ltr'><strong>sem</strong></span> 
     </span>
     <span class='ocr_line' id='line_1_7' title="bbox 369 1603 1020 1690; baseline 0.008 -22"><span class='ocrx_word' id='word_1_20' title='bbox 369 1604 484 1668; x_wconf 84' lang='lat' dir='ltr'><strong>Penne</strong></span> <span class='ocrx_word' id='word_1_21' title='bbox 496 1603 642 1670; x_wconf 81' lang='lat' dir='ltr'><strong>biformis</strong></span> <span class='ocrx_word' id='word_1_22' title='bbox 656 1627 713 1690; x_wconf 87' lang='lat' dir='ltr'><strong>per</strong></span> <span class='ocrx_word' id='word_1_23' title='bbox 726 1605 886 1690; x_wconf 84' lang='lat' dir='ltr'><strong>liquidum</strong></span> <span class='ocrx_word' id='word_1_24' title='bbox 899 1608 1020 1673; x_wconf 82' lang='lat' dir='ltr'><strong>oethern</strong></span> 
     </span>
     <span class='ocr_line' id='line_1_8' title="bbox 413 1715 980 1800; baseline 0.011 -22"><span class='ocrx_word' id='word_1_25' title='bbox 413 1715 514 1779; x_wconf 77' lang='lat' dir='ltr'><strong>Vates</strong></span> <span class='ocrx_word' id='word_1_26' title='bbox 525 1741 533 1780; x_wconf 90' lang='lat'><strong>:</strong></span> <span class='ocrx_word' id='word_1_27' title='bbox 555 1735 659 1800; x_wconf 83' lang='lat' dir='ltr'><strong>neque</strong></span> <span class='ocrx_word' id='word_1_28' title='bbox 673 1717 707 1780; x_wconf 92' lang='lat' dir='ltr'><strong>in</strong></span> <span class='ocrx_word' id='word_1_29' title='bbox 721 1717 815 1783; x_wconf 82' lang='lat' dir='ltr'><strong>terrio</strong></span> <span class='ocrx_word' id='word_1_30' title='bbox 829 1718 980 1784; x_wconf 77' lang='lat' dir='ltr'><strong>morabor</strong></span> 
     </span>
     <span class='ocr_line' id='line_1_9' title="bbox 455 1825 944 1913; baseline 0.004 -22"><span class='ocrx_word' id='word_1_31' title='bbox 455 1825 618 1910; x_wconf 78' lang='lat' dir='ltr'><strong>longino:</strong></span> <span class='ocrx_word' id='word_1_32' title='bbox 641 1827 825 1913; x_wconf 75' lang='lat' dir='ltr'><strong>invidiaque</strong></span> <span class='ocrx_word' id='word_1_33' title='bbox 838 1829 944 1913; x_wconf 83' lang='lat' dir='ltr'><strong>major</strong></span> 
     </span>
     <span class='ocr_line' id='line_1_10' title="bbox 368 1959 1071 2051; baseline 0.007 -25"><span class='ocrx_word' id='word_1_34' title='bbox 368 1959 479 2026; x_wconf 78' lang='lat' dir='ltr'><strong>Urbes</strong></span> <span class='ocrx_word' id='word_1_35' title='bbox 492 1961 683 2046; x_wconf 74' lang='lat' dir='ltr'><strong>relinquam.</strong></span> <span class='ocrx_word' id='word_1_36' title='bbox 727 1963 806 2030; x_wconf 94' lang='lat' dir='ltr'><strong>Non</strong></span> <span class='ocrx_word' id='word_1_37' title='bbox 820 1985 880 2050; x_wconf 86' lang='lat' dir='ltr'><strong>ego</strong></span> <span class='ocrx_word' id='word_1_38' title='bbox 894 1987 1071 2051; x_wconf 78' lang='lat' dir='ltr'><strong>pauperum</strong></span> 
     </span>
     <span class='ocr_line' id='line_1_11' title="bbox 365 2072 1098 2173; baseline 0.008 -36"><span class='ocrx_word' id='word_1_39' title='bbox 365 2072 507 2156; x_wconf 78' lang='lat' dir='ltr'><strong>Sanguis</strong></span> <span class='ocrx_word' id='word_1_40' title='bbox 520 2082 702 2157; x_wconf 82' lang='lat' dir='ltr'><strong>parentum,</strong></span> <span class='ocrx_word' id='word_1_41' title='bbox 717 2097 784 2140; x_wconf 90' lang='lat' dir='ltr'><strong>non</strong></span> <span class='ocrx_word' id='word_1_42' title='bbox 798 2097 867 2160; x_wconf 89' lang='lat' dir='ltr'><strong>ego,</strong></span> <span class='ocrx_word' id='word_1_43' title='bbox 884 2097 980 2161; x_wconf 87' lang='lat' dir='ltr'><strong>quem</strong></span> <span class='ocrx_word' id='word_1_44' title='bbox 994 2098 1098 2173; x_wconf 76' lang='lat' dir='ltr'><strong>vocuo,</strong></span> 
     </span>
     <span class='ocr_line' id='line_1_12' title="bbox 410 2184 848 2267; baseline 0.009 -19"><span class='ocrx_word' id='word_1_45' title='bbox 410 2184 537 2250; x_wconf 72' lang='lat' dir='ltr'><strong>Dilecto</strong></span> <span class='ocrx_word' id='word_1_46' title='bbox 551 2186 724 2266; x_wconf 77' lang='lat' dir='ltr'><strong>Maeoennr,</strong></span> <span class='ocrx_word' id='word_1_47' title='bbox 741 2187 848 2267; x_wconf 91' lang='lat' dir='ltr'><strong>obibo,</strong></span> 
     </span>
     <span class='ocr_line' id='line_1_13' title="bbox 453 2297 955 2382; baseline 0.006 -20"><span class='ocrx_word' id='word_1_48' title='bbox 453 2297 527 2362; x_wconf 84' lang='lat' dir='ltr'><strong>Neo</strong></span> <span class='ocrx_word' id='word_1_49' title='bbox 541 2297 655 2382; x_wconf 82' lang='lat' dir='ltr'><strong>Stygio</strong></span> <span class='ocrx_word' id='word_1_50' title='bbox 670 2297 843 2364; x_wconf 85' lang='lat' dir='ltr'><strong>cohibebor</strong></span> <span class='ocrx_word' id='word_1_51' title='bbox 855 2299 955 2365; x_wconf 83' lang='lat' dir='ltr'><strong>undu.</strong></span> 
     </span>
     <span class='ocr_line' id='line_1_14' title="bbox 361 2430 977 2519; baseline 0.005 -23"><span class='ocrx_word' id='word_1_52' title='bbox 361 2431 386 2496; x_wconf 84' lang='lat' dir='ltr'><strong>J</strong></span> <span class='ocrx_word' id='word_1_53' title='bbox 386 2451 443 2494; x_wconf 80' lang='lat' dir='ltr'><strong>em</strong></span> <span class='ocrx_word' id='word_1_54' title='bbox 454 2430 524 2515; x_wconf 82' lang='lat' dir='ltr'><strong>jam</strong></span> <span class='ocrx_word' id='word_1_55' title='bbox 537 2431 681 2498; x_wconf 76' lang='lat' dir='ltr'><strong>residunt</strong></span> <span class='ocrx_word' id='word_1_56' title='bbox 695 2432 843 2498; x_wconf 85' lang='lat' dir='ltr'><strong>eruribus</strong></span> <span class='ocrx_word' id='word_1_57' title='bbox 857 2455 977 2519; x_wconf 78' lang='lat' dir='ltr'><strong>noperae</strong></span> 
     </span>
     <span class='ocr_line' id='line_1_15' title="bbox 361 2541 964 2622; baseline 0.007 -16"><span class='ocrx_word' id='word_1_58' title='bbox 361 2541 470 2606; x_wconf 75' lang='lat' dir='ltr'><strong>Pelles</strong></span> <span class='ocrx_word' id='word_1_59' title='bbox 477 2569 488 2622; x_wconf 70' lang='lat'>5</span> <span class='ocrx_word' id='word_1_60' title='bbox 511 2549 545 2607; x_wconf 89' lang='lat' dir='ltr'><strong>et</strong></span> <span class='ocrx_word' id='word_1_61' title='bbox 559 2543 667 2609; x_wconf 80' lang='lat' dir='ltr'><strong>elbum</strong></span> <span class='ocrx_word' id='word_1_62' title='bbox 682 2553 792 2610; x_wconf 90' lang='lat' dir='ltr'><strong>mutor</strong></span> <span class='ocrx_word' id='word_1_63' title='bbox 804 2545 839 2609; x_wconf 90' lang='lat' dir='ltr'><strong>in</strong></span> <span class='ocrx_word' id='word_1_64' title='bbox 853 2545 964 2610; x_wconf 79' lang='lat' dir='ltr'><strong>alitem</strong></span> 
     </span>
    </p>
   </div>
   <div class='ocr_carea' id='block_1_6' title="bbox 409 2654 1021 2854">
    <p class='ocr_par' dir='ltr' id='par_1_6' title="bbox 409 2654 1021 2854">
     <span class='ocr_line' id='line_1_16' title="bbox 409 2654 932 2740; baseline 0.008 -22"><span class='ocrx_word' id='word_1_65' title='bbox 409 2654 571 2739; x_wconf 83' lang='lat' dir='ltr'><strong>Superne:</strong></span> <span class='ocrx_word' id='word_1_66' title='bbox 594 2663 833 2740; x_wconf 77' lang='lat' dir='ltr'><strong>nascunturque</strong></span> <span class='ocrx_word' id='word_1_67' title='bbox 846 2657 932 2722; x_wconf 81' lang='lat' dir='ltr'><strong>leves</strong></span> 
     </span>
     <span class='ocr_line' id='line_1_17' title="bbox 452 2764 1021 2854; baseline 0.009 -22"><span class='ocrx_word' id='word_1_68' title='bbox 452 2767 516 2832; x_wconf 88' lang='lat' dir='ltr'><strong>Per</strong></span> <span class='ocrx_word' id='word_1_69' title='bbox 530 2764 647 2851; x_wconf 75' lang='lat' dir='ltr'><strong>digitos</strong></span> <span class='ocrx_word' id='word_1_70' title='bbox 661 2766 877 2854; x_wconf 76' lang='lat' dir='ltr'><strong>humerosque</strong></span> <span class='ocrx_word' id='word_1_71' title='bbox 890 2768 1021 2852; x_wconf 73' lang='lat' dir='ltr'><strong>plume.</strong></span> 
     </span>
    </p>
   </div>
   <div class='ocr_carea' id='block_1_7' title="bbox 358 2903 924 3209">
    <p class='ocr_par' dir='ltr' id='par_1_7' title="bbox 358 2903 924 3209">
     <span class='ocr_line' id='line_1_18' title="bbox 360 2903 818 2972; baseline 0.013 -5"><span class='ocrx_word' id='word_1_72' title='bbox 360 2903 384 2968; x_wconf 86' lang='lat' dir='ltr'>J</span> <span class='ocrx_word' id='word_1_73' title='bbox 387 2923 442 2967; x_wconf 80' lang='lat' dir='ltr'><strong>um</strong></span> <span class='ocrx_word' id='word_1_74' title='bbox 457 2903 608 2970; x_wconf 79' lang='lat' dir='ltr'><strong>Daednleo</strong></span> <span class='ocrx_word' id='word_1_75' title='bbox 622 2905 709 2972; x_wconf 88' lang='lat' dir='ltr'><strong>oeior</strong></span> <span class='ocrx_word' id='word_1_76' title='bbox 724 2907 818 2972; x_wconf 85' lang='lat' dir='ltr'><strong>Ioero</strong></span> 
     </span>
     <span class='ocr_line' id='line_1_19' title="bbox 358 3013 924 3101; baseline 0.004 -23"><span class='ocrx_word' id='word_1_77' title='bbox 358 3013 478 3078; x_wconf 78' lang='lat' dir='ltr'><strong>visam</strong></span> <span class='ocrx_word' id='word_1_78' title='bbox 492 3015 649 3098; x_wconf 80' lang='lat' dir='ltr'><strong>gementis</strong></span> <span class='ocrx_word' id='word_1_79' title='bbox 663 3015 760 3081; x_wconf 82' lang='lat' dir='ltr'><strong>litora</strong></span> <span class='ocrx_word' id='word_1_80' title='bbox 774 3015 924 3101; x_wconf 76' lang='lat' dir='ltr'><strong>Bospori,</strong></span> 
     </span>
     <span class='ocr_line' id='line_1_20' title="bbox 409 3123 894 3209; baseline 0.008 -23"><span class='ocrx_word' id='word_1_81' title='bbox 409 3123 582 3209; x_wconf 71' lang='lat' dir='ltr'><strong>Syriaeque</strong></span> <span class='ocrx_word' id='word_1_82' title='bbox 597 3126 743 3192; x_wconf 78' lang='lat' dir='ltr'><strong>Gaetulnr</strong></span> <span class='ocrx_word' id='word_1_83' title='bbox 758 3146 894 3191; x_wconf 79' lang='lat' dir='ltr'><strong>enuorus</strong></span> 
     </span>
    </p>
   </div>
   <div class='ocr_carea' id='block_1_8' title="bbox 347 3233 1136 3456">
    <p class='ocr_par' dir='ltr' id='par_1_8' title="bbox 347 3233 1136 3456">
     <span class='ocr_line' id='line_1_21' title="bbox 347 3233 986 3322; baseline 0.013 -27"><span class='ocrx_word' id='word_1_84' title='bbox 347 3286 353 3294; x_wconf 92' lang='lat'>.</span> <span class='ocrx_word' id='word_1_85' title='bbox 449 3233 526 3298; x_wconf 79' lang='lat' dir='ltr'><strong>Ales</strong></span> <span class='ocrx_word' id='word_1_86' title='bbox 541 3235 831 3320; x_wconf 76' lang='lat' dir='ltr'><strong>Hyperboreosque</strong></span> <span class='ocrx_word' id='word_1_87' title='bbox 846 3257 986 3322; x_wconf 82' lang='lat' dir='ltr'><strong>oempor.</strong></span> 
     </span>
     <span class='ocr_line' id='line_1_22' title="bbox 358 3367 1136 3456; baseline 0.013 -24"><span class='ocrx_word' id='word_1_88' title='bbox 358 3367 423 3432; x_wconf 85' lang='lat' dir='ltr'><strong>Me</strong></span> <span class='ocrx_word' id='word_1_89' title='bbox 437 3368 586 3448; x_wconf 78' lang='lat' dir='ltr'><strong>Colchus,</strong></span> <span class='ocrx_word' id='word_1_90' title='bbox 601 3377 634 3436; x_wconf 87' lang='lat' dir='ltr'><strong>et</strong></span> <span class='ocrx_word' id='word_1_91' title='bbox 649 3371 705 3456; x_wconf 89' lang='lat' dir='ltr'><strong>qui</strong></span> <span class='ocrx_word' id='word_1_92' title='bbox 720 3370 902 3438; x_wconf 55' lang='lat' dir='ltr'><strong>dissimula</strong></span> <span class='ocrx_word' id='word_1_93' title='bbox 915 3383 1040 3440; x_wconf 87' lang='lat' dir='ltr'><strong>metum</strong></span> <span class='ocrx_word' id='word_1_94' title='bbox 1128 3435 1136 3442; x_wconf 89' lang='lat'><em>.</em></span> 
     </span>
    </p>
   </div>
   <div class='ocr_carea' id='block_1_9' title="bbox 357 3482 942 3563">
    <p class='ocr_par' dir='ltr' id='par_1_9' title="bbox 357 3482 942 3563">
     <span class='ocr_line' id='line_1_23' title="bbox 357 3482 942 3563; baseline 0.002 -16"><span class='ocrx_word' id='word_1_95' title='bbox 357 3483 483 3547; x_wconf 72' lang='lat' dir='ltr'><strong>Mane</strong></span> <span class='ocrx_word' id='word_1_96' title='bbox 496 3482 636 3548; x_wconf 80' lang='lat' dir='ltr'><strong>oohortis</strong></span> <span class='ocrx_word' id='word_1_97' title='bbox 650 3483 768 3563; x_wconf 79' lang='lat' dir='ltr'><strong>Dacus,</strong></span> <span class='ocrx_word' id='word_1_98' title='bbox 784 3490 819 3548; x_wconf 85' lang='lat' dir='ltr'><strong>et</strong></span> <span class='ocrx_word' id='word_1_99' title='bbox 833 3483 942 3548; x_wconf 89' lang='lat' dir='ltr'><strong>ultimi</strong></span> 
     </span>
    </p>
   </div>
   <div class='ocr_carea' id='block_1_10' title="bbox 353 3595 1037 4266">
    <p class='ocr_par' dir='ltr' id='par_1_10' title="bbox 353 3595 1037 4266">
     <span class='ocr_line' id='line_1_24' title="bbox 404 3595 918 3681; baseline 0.006 -22"><span class='ocrx_word' id='word_1_100' title='bbox 404 3595 551 3661; x_wconf 82' lang='lat' dir='ltr'><strong>Noeeent</strong></span> <span class='ocrx_word' id='word_1_101' title='bbox 566 3597 704 3677; x_wconf 77' lang='lat' dir='ltr'><strong>Geloni3</strong></span> <span class='ocrx_word' id='word_1_102' title='bbox 726 3617 780 3662; x_wconf 86' lang='lat' dir='ltr'><strong>me</strong></span> <span class='ocrx_word' id='word_1_103' title='bbox 793 3597 918 3681; x_wconf 75' lang='lat' dir='ltr'><strong>peritur</strong></span> 
     </span>
     <span class='ocr_line' id='line_1_25' title="bbox 448 3707 1037 3794; baseline 0.003 -22"><span class='ocrx_word' id='word_1_104' title='bbox 448 3707 559 3772; x_wconf 82' lang='lat' dir='ltr'><strong>Disoet</strong></span> <span class='ocrx_word' id='word_1_105' title='bbox 574 3707 689 3788; x_wconf 87' lang='lat' dir='ltr'><strong>Hiber,</strong></span> <span class='ocrx_word' id='word_1_106' title='bbox 705 3707 920 3793; x_wconf 81' lang='lat' dir='ltr'><strong>Rhodanique</strong></span> <span class='ocrx_word' id='word_1_107' title='bbox 932 3715 1037 3794; x_wconf 91' lang='lat' dir='ltr'><strong>potor.</strong></span> 
     </span>
     <span class='ocr_line' id='line_1_26' title="bbox 357 3842 842 3923; baseline 0 -14"><span class='ocrx_word' id='word_1_108' title='bbox 357 3842 482 3909; x_wconf 68' lang='lat' dir='ltr'><strong>Absint</strong></span> <span class='ocrx_word' id='word_1_109' title='bbox 494 3844 584 3910; x_wconf 75' lang='lat' dir='ltr'><strong>innrn</strong></span> <span class='ocrx_word' id='word_1_110' title='bbox 598 3845 712 3910; x_wconf 87' lang='lat' dir='ltr'><strong>funere</strong></span> <span class='ocrx_word' id='word_1_111' title='bbox 725 3844 842 3923; x_wconf 85' lang='lat' dir='ltr'><strong>noniae,</strong></span> 
     </span>
     <span class='ocr_line' id='line_1_27' title="bbox 353 3955 965 4043; baseline -0.002 -21"><span class='ocrx_word' id='word_1_112' title='bbox 353 3955 548 4040; x_wconf 79' lang='lat' dir='ltr'><strong>Luctusque</strong></span> <span class='ocrx_word' id='word_1_113' title='bbox 562 3963 674 4043; x_wconf 79' lang='lat' dir='ltr'><strong>turpes</strong></span> <span class='ocrx_word' id='word_1_114' title='bbox 687 3963 721 4021; x_wconf 90' lang='lat' dir='ltr'><strong>et</strong></span> <span class='ocrx_word' id='word_1_115' title='bbox 736 3956 965 4041; x_wconf 82' lang='lat' dir='ltr'><strong>querimoniae:</strong></span> 
     </span>
     <span class='ocr_line' id='line_1_28' title="bbox 403 4066 984 4153; baseline 0.002 -21"><span class='ocrx_word' id='word_1_116' title='bbox 403 4066 580 4153; x_wconf 81' lang='lat' dir='ltr'><strong>Compesoe</strong></span> <span class='ocrx_word' id='word_1_117' title='bbox 594 4069 779 4149; x_wconf 75' lang='lat' dir='ltr'><strong>clamorem,</strong></span> <span class='ocrx_word' id='word_1_118' title='bbox 794 4089 832 4134; x_wconf 82' lang='lat' dir='ltr'><strong>oo</strong></span> <span class='ocrx_word' id='word_1_119' title='bbox 846 4067 984 4152; x_wconf 75' lang='lat' dir='ltr'><strong>sepulcri</strong></span> 
     </span>
     <span class='ocr_line' id='line_1_29' title="bbox 446 4178 936 4266; baseline -0.002 -21"><span class='ocrx_word' id='word_1_120' title='bbox 446 4179 547 4246; x_wconf 88' lang='lat' dir='ltr'><strong>Mitte</strong></span> <span class='ocrx_word' id='word_1_121' title='bbox 562 4201 773 4266; x_wconf 76' lang='lat' dir='ltr'><strong>supervacuos</strong></span> <span class='ocrx_word' id='word_1_122' title='bbox 787 4178 936 4244; x_wconf 78' lang='lat' dir='ltr'><strong>honores.</strong></span> 
     </span>
    </p>
   </div>
   <div class='ocr_carea' id='block_1_11' title="bbox 368 4346 1082 4437">
    <p class='ocr_par' dir='ltr' id='par_1_11' title="bbox 368 4346 1082 4437">
     <span class='ocr_line' id='line_1_30' title="bbox 368 4346 1082 4437; baseline -0.011 -34"><span class='ocrx_word' id='word_1_123' title='bbox 368 4353 416 4403; x_wconf 87' lang='lat'><strong>11.</strong></span> <span class='ocrx_word' id='word_1_124' title='bbox 427 4366 548 4416; x_wconf 79' lang='lat' dir='ltr'><strong>rupem</strong></span> <span class='ocrx_word' id='word_1_125' title='bbox 581 4395 586 4402; x_wconf 89' lang='lat'><em>.</em></span> <span class='ocrx_word' id='word_1_126' title='bbox 617 4351 657 4402; x_wconf 76' lang='lat'><strong>1³.</strong></span> <span class='ocrx_word' id='word_1_127' title='bbox 673 4351 770 4411; x_wconf 82' lang='lat' dir='ltr'><strong>notior,</strong></span> <span class='ocrx_word' id='word_1_128' title='bbox 782 4349 812 4400; x_wconf 91' lang='lat' dir='ltr'><strong>B.</strong></span> <span class='ocrx_word' id='word_1_129' title='bbox 826 4346 1016 4437; x_wconf 41' lang='lat' dir='ltr'><strong>(Op.0..8.14.</strong></span> <span class='ocrx_word' id='word_1_130' title='bbox 1029 4347 1082 4413; x_wconf 92' lang='lat'>11.)</span> 
     </span>
    </p>
   </div>
   <div class='ocr_carea' id='block_1_12' title="bbox 1243 3505 1435 3710">
    <p class='ocr_par' dir='ltr' id='par_1_12' title="bbox 1243 3505 1435 3710">
     <span class='ocr_line' id='line_1_31' title="bbox 1243 3505 1435 3560; baseline 0.021 -4"><span class='ocrx_word' id='word_1_131' title='bbox 1243 3505 1300 3556; x_wconf 77' lang='lat' dir='ltr'><strong>Dae.</strong></span> <span class='ocrx_word' id='word_1_132' title='bbox 1310 3515 1334 3557; x_wconf 79' lang='lat' dir='ltr'><strong>c.</strong></span> <span class='ocrx_word' id='word_1_133' title='bbox 1345 3518 1363 3557; x_wconf 88' lang='lat'><strong>1.</strong></span> <span class='ocrx_word' id='word_1_134' title='bbox 1373 3519 1404 3559; x_wconf 74' lang='lat'><strong>8⁵.</strong></span> <span class='ocrx_word' id='word_1_135' title='bbox 1415 3519 1435 3560; x_wconf 74' lang='grc'><strong>9.</strong></span> 
     </span>
     <span class='ocr_line' id='line_1_32' title="bbox 1246 3569 1434 3661; baseline 0.027 -5"><span class='ocrx_word' id='word_1_136' title='bbox 1246 3613 1293 3657; x_wconf 67' lang='lat' dir='ltr'><strong>oet.</strong></span> <span class='ocrx_word' id='word_1_137' title='bbox 1304 3616 1329 3658; x_wconf 87' lang='lat' dir='ltr'><strong>o.</strong></span> <span class='ocrx_word' id='word_1_138' title='bbox 1338 3569 1434 3661; x_wconf 62' lang='lat' dir='ltr'><strong>{iii</strong></span> 
     </span>
     <span class='ocr_line' id='line_1_33' title="bbox 1338 3671 1429 3710; baseline 0 0"><span class='ocrx_word' id='word_1_139' title='bbox 1338 3671 1357 3710; x_wconf 78' lang='lat' dir='ltr'><strong>e.</strong></span> <span class='ocrx_word' id='word_1_140' title='bbox 1367 3671 1386 3709; x_wconf 68' lang='lat' dir='ltr'><strong>e</strong></span> <span class='ocrx_word' id='word_1_141' title='bbox 1396 3672 1429 3710; x_wconf 81' lang='lat' dir='ltr'><strong>oo.</strong></span> 
     </span>
    </p>
   </div>
   <div class='ocr_carea' id='block_1_13' title="bbox 1239 3753 1437 3804">
    <p class='ocr_par' dir='ltr' id='par_1_13' title="bbox 1239 3753 1437 3804">
     <span class='ocr_line' id='line_1_34' title="bbox 1239 3753 1437 3804; baseline 0.01 -10"><span class='ocrx_word' id='word_1_142' title='bbox 1239 3755 1289 3804; x_wconf 67' lang='lat' dir='ltr'><strong>por.</strong></span> <span class='ocrx_word' id='word_1_143' title='bbox 1299 3753 1324 3795; x_wconf 85' lang='lat' dir='ltr'><strong>c.</strong></span> <span class='ocrx_word' id='word_1_144' title='bbox 1333 3757 1353 3796; x_wconf 65' lang='lat' dir='ltr'><strong>t</strong></span> <span class='ocrx_word' id='word_1_145' title='bbox 1363 3755 1395 3796; x_wconf 78' lang='lat' dir='ltr'><strong>lt.</strong></span> <span class='ocrx_word' id='word_1_146' title='bbox 1404 3755 1437 3796; x_wconf 77' lang='lat'><strong>21.</strong></span> 
     </span>
    </p>
   </div>
   <div class='ocr_carea' id='block_1_14' title="bbox 0 0 1730 5667">
    <p class='ocr_par' dir='ltr' id='par_1_14' title="bbox 0 0 1730 5667">
     <span class='ocr_line' id='line_1_35' title="bbox 0 0 1730 5667; baseline 0 4"><span class='ocrx_word' id='word_1_147' title='bbox 0 0 1730 5667; x_wconf 95' lang='lat' dir='ltr'><strong> </strong></span> 
     </span>
    </p>
   </div>
  </div>
 </body>
</html>
