3450 5667
484 769 767 828 EPISTOLARUM
799 771 877 828 ΜΒ.
908 771 935 828 l.
965 790 993 828 x.
1275 774 1332 830 21³

209 1152 317 1215 Uaars
329 1156 487 1212 amatorem
503 1148 643 1212 Fuscum
657 1147 776 1210 salvere
787 1146 940 1230 jubemus
1136 1130 1185 1172 ἢ*
1196 1131 1220 1220 i
1231 1131 1250 1220 is
1257 1133 1320 1220 iia.

209 1261 304 1323 Ruris
319 1269 469 1337 amatores,
485 1259 545 1322 hac
559 1258 595 1320 in
609 1279 643 1322 re
658 1257 780 1322 scilicet
794 1278 859 1320 una
1135 1232 1198 1282 '‘¹¹‘'
1208 1233 1231 1271 Β
1243 1233 1261 1272 ¹‘
1271 1232 1332 1272 Μ’

210 1370 347 1432 Multum
360 1369 527 1448 dissimiles,
542 1375 577 1432 at
593 1376 699 1431 cetera
713 1389 802 1452 paene
817 1367 946 1450 gemelli
1135 1391 1335 1442 maiam

212 1480 361 1543 Fraternis
375 1480 500 1558 animis3
523 1479 680 1562 quidquid
694 1486 792 1562 negat
806 1478 898 1556 alter,
914 1487 948 1542 et
961 1479 1064 1556 ulter3

174 1593 190 1649 5
212 1589 382 1652 Annuimus
394 1589 506 1673 pariter
519 1589 619 1653 vetuli
635 1588 767 1672 uotique
782 1586 935 1652 columbi.

214 1699 260 1760 Tu
273 1699 377 1763 nidum
389 1721 507 1764 servas:
530 1720 590 1783 ego
605 1698 701 1762 laudo
715 1699 799 1762 ruris
814 1697 934 1780 amoeni
1139 1713 1320 1758 stacam

217 1809 309 1872 Rivoa
322 1817 352 1872 et
365 1831 466 1874 musco
481 1809 662 1874 circumlita
675 1831 751 1872 saxa
764 1829 953 1892 nemusque.

219 1920 299 1985 Quid
314 1921 442 2004 quaeris?
484 1922 568 1986 Vivo
582 1929 616 1985 et
630 1941 740 2004 regno,
756 1920 853 1984 simul
867 1920 931 1984 iata
943 1919 1069 2003 reliqui,

216 2031 290 2095 Qua
304 2052 356 2094 ros
369 2031 405 2094 ad
419 2032 527 2095 caelum
542 2031 634 2096 fertis
648 2052 777 2095 rumore
792 2030 952 2095 secundo:

166 2141 198 2199 10
221 2141 320 2224 thue
333 2142 493 2206 sacerdotis
507 2143 662 2226 fugitivus
677 2141 743 2206 liba
756 2163 868 2206 recruo
876 2168 887 2218 3

220 2252 299 2315 Pana
312 2273 383 2335 cgao
392 2253 456 2336 jam
470 2253 602 2317 mellitis
616 2252 739 2337 potiore
754 2252 922 2336 placentia.

219 2359 324 2424 livere
337 2372 450 2426 naturae
464 2363 490 2426 ai
505 2361 731 2426 convenienter
746 2369 883 2446 oportet,

221 2471 422 2556 Ponendaeque
436 2472 529 2538 domo
545 2471 716 2556 quaerenda
730 2481 779 2537 est
794 2493 869 2536 area
882 2469 1034 2555 primurn,

220 2578 370 2646 Novistine
384 2584 486 2648 locum
500 2583 659 2668 potiorem
674 2603 748 2646 rure
763 2582 884 2646 beato?

174 2689 202 2746 15
222 2691 272 2753 Est
285 2693 335 2760 nbi
347 2695 413 2778 plua
427 2701 557 2778 tepeant
571 2694 702 2772 hiemes,
719 2692 774 2757 ubi
790 2692 911 2776 gratior
924 2713 1003 2756 aura
1144 2707 1188 2758 to·
1198 2707 1223 2746 ⁰-
1232 2706 1252 2746 ²·
1261 2707 1280 2744 ⁰-
1291 2705 1322 2746 ¹⁷·

223 2799 323 2866 Leniat
336 2813 366 2868 at
379 2805 495 2870 rabiem
511 2805 610 2870 Canis
624 2813 658 2869 et
672 2813 837 2870 momenta
851 2804 980 2882 Leonis,
1096 2861 1103 2871 ,
1145 2823 1198 2864 m.
1209 2821 1233 2862 c.
1243 2823 1263 2862 a.
1273 2823 1304 2861 a.
1313 2821 1344 2860 u.

224 2910 297 2977 Cum
310 2918 399 2980 semel
413 2917 534 3001 accepit
551 2916 658 2981 Solem
673 2915 867 2980 furibundus
881 2914 1038 2978 acutum?

223 3021 274 3086 Eat
286 3025 335 3089 ubi
349 3027 472 3091 divellat
486 3047 614 3092 somnos
628 3027 735 3090 minus
749 3025 857 3090 invida
871 3026 972 3090 cura?

226 3130 355 3200 Deterius
369 3137 497 3222 Libycis
511 3137 577 3202 olet
593 3143 650 3200 aut
663 3137 746 3200 uitat
761 3135 860 3200 herba
872 3135 1015 3219 lapillis?

178 3237 209 3298 20
227 3242 322 3310 Purior
333 3248 366 3312 in
380 3249 456 3312 vicis
471 3269 554 3331 aqua
569 3247 673 3312 tendit
686 3268 835 3330 rumpere
850 3247 1030 3332 plumbum,

227 3352 317 3422 Quum
340 3379 407 3442 quae
432 3379 489 3443 per
513 3379 652 3443 pronum
677 3357 817 3442 trepidat
846 3379 921 3422 cum
949 3379 1115 3422 murmure
1148 3395 1190 3434 m,
1200 3393 1224 3431 c,
1234 3391 1253 3430 2,
1263 3393 1283 3430 ³,
1294 3389 1325 3431 η,

357 3471 484 3534 rivum?

227 3573 333 3663 Nempe
345 3581 544 3645 intervenias
559 3580 703 3643 nutritur
717 3579 796 3643 silva
810 3580 976 3644 columnas
1149 3603 1317 3648 asennaa.

228 3683 427 3776 Laudaturque
442 3691 566 3769 domus,
582 3691 694 3774 longos
710 3711 781 3774 quae
796 3689 947 3775 prospicit
961 3711 1064 3774 agros.

228 3793 363 3864 Naturam
378 3801 515 3886 expellas
529 3800 630 3878 furca,
646 3809 756 3863 tamen
770 3821 873 3882 usque
886 3807 1039 3874 recurret,

183 3896 213 3957 25
230 3903 264 3967 Et
276 3913 350 3976 mala
363 3917 548 3996 perrumpet
561 3909 674 3973 furtim
688 3910 817 3973 fastidia
830 3911 954 3974 victrix.

230 4011 299 4098 Nou,
313 4023 365 4104 qui
380 4021 513 4086 Sidonio
528 4019 720 4115 contendere
735 4020 867 4084 callidus
881 4028 969 4084 ostro

230 4127 322 4200 Nescit
334 4135 530 4220 Aquinatem
545 4133 690 4218 potantia
703 4133 819 4198 vellera
832 4133 955 4211 fucum,

230 4235 333 4310 Curtius
346 4246 479 4331 accipiet
495 4245 649 4308 damnum
663 4244 830 4327 propiusve
849 4242 1011 4319 medullis,

233 4349 319 4420 Quam
334 4358 387 4440 qui
401 4379 467 4421 non
482 4355 602 4440 poterit
617 4375 690 4419 vero
704 4354 900 4437 distinguere
913 4353 1041 4416 falsum.

188 4449 216 4510 30
233 4456 316 4529 Quem
330 4489 379 4532 res
393 4469 466 4553 plus
481 4465 583 4530 nimio
598 4466 791 4530 delectavere
806 4464 964 4539 secundae,
1154 4470 1207 4512 aaa.
1217 4471 1241 4512 c.
1251 4469 1270 4509 r,
1280 4473 1312 4560 a
1328 4471 1354 4519 ⁵³

233 4567 348 4643 llutatae
361 4577 519 4663 quatient.
567 4576 603 4640 Si
618 4576 694 4659 quid
709 4576 876 4653 mirabere,
891 4593 991 4657 pones

198 4695 254 4750 lu
339 4714 362 4762 o.
380 4714 488 4763 esaan.
589 4713 629 4761 ra.
649 4711 846 4774 camaena.
949 4707 989 4756 ra.
1003 4706 1126 4769 sapone

554 4780 596 4828 24.
613 4779 734 4840 expelles.
