3450 5667
695 799 728 872 ρ.
750 795 909 856 norm
933 793 1077 852 rancor

576 967 694 1052 Ignota
707 966 809 1030 tauris
824 965 1023 1048 illigatnrum
1034 963 1124 1046 juga,

618 1074 774 1142 Perunxit
788 1074 849 1138 hoc
865 1075 1035 1138 Iasonem:

278 1219 321 1263 as.
330 1219 372 1272 up.
381 1219 412 1260 rr.
421 1217 454 1260 u.
576 1187 652 1252 Hoc
666 1183 817 1250 delibutis
830 1185 901 1248 ulta
915 1183 1008 1246 donis
1022 1181 1179 1266 pellicem,

621 1299 777 1381 Serpente
791 1295 875 1379 fugit
889 1295 975 1358 alite.

576 1409 649 1475 Neo
663 1415 775 1473 tantos
787 1427 944 1490 umquam
957 1404 1097 1470 siderum
1111 1400 1228 1468 insedit
1242 1425 1340 1489 vapor
1449 1407 1490 1468 15

280 1548 311 1588 sa
321 1545 346 1588 o.
355 1546 375 1587 a
384 1546 416 1586 ao.
424 1544 456 1586 u.
621 1518 800 1584 Siticulosae
814 1516 962 1600 Apuliae:

281 1655 312 1697 η.
322 1645 363 1698 ap.
373 1646 405 1688 ιτ.
414 1647 447 1687 ao.
576 1629 649 1694 Nee
662 1649 782 1692 munus
794 1625 937 1690 humeris
952 1624 1087 1689 efficacis
1102 1625 1252 1690 Herculis

622 1739 743 1803 Inarsit
756 1737 933 1803 mstuosiua.

578 1851 635 1928 At,
651 1850 680 1914 si
694 1849 772 1935 quid
786 1869 941 1932 amquam
956 1846 1021 1910 tale
1035 1845 1264 1930 concupiveris,

622 1962 644 2024 J
645 1981 736 2025 orosa
751 1960 926 2037 Maeoenas,
941 1977 1053 2041 precor
1447 1959 1492 2020 20

578 2071 718 2135 Manum
732 2069 838 2154 puella
852 2068 938 2133 savio
953 2074 1092 2152 opponat
1107 2075 1176 2146 tuo,

622 2183 776 2245 Extrema
790 2186 823 2244 et
837 2180 873 2242 in
888 2177 1008 2263 sponda
1023 2177 1128 2242 cubet.

964 2448 1026 2514 1v.

624 2574 730 2639 Lorrs
745 2579 779 2637 et
793 2573 884 2656 agnis
899 2579 1020 2655 quanta
1033 2571 1149 2662 sortito
1164 2570 1292 2654 obtigit,

666 2686 787 2750 Tecum
801 2681 883 2745 mihi
897 2679 1055 2746 discordia
1069 2687 1128 2758 est,

624 2791 758 2859 Iberiois
771 2797 900 2875 peruste
915 2789 1045 2853 funibus
1058 2790 1154 2868 latus,
1231 2777 1236 2786 ’

665 2905 711 2968 Et
725 2923 818 2966 crura
831 2901 912 2964 dura
926 2899 1088 2984 oompede.

624 3014 717 3080 Licet
731 3011 887 3096 superbus
901 3010 1045 3075 ambules
1065 3009 1209 3094 pecunia,
1471 3013 1491 3074 5

666 3124 810 3188 Fortuna
822 3141 890 3185 non
904 3127 1010 3184 mutat
1024 3140 1136 3202 genus.

624 3234 777 3311 Videsne,
794 3234 926 3296 Sacram
940 3232 1095 3295 metiente
1109 3239 1142 3294 te
1156 3231 1255 3295 Viam

667 3345 752 3408 Cum
766 3343 816 3407 bis
829 3342 931 3405 trium
945 3341 1095 3404 ulnarum
1109 3348 1196 3424 toga,

625 3455 674 3520 Ut
688 3476 745 3518 ora
758 3459 862 3518 vertat
876 3452 941 3516 huo
955 3458 989 3516 et
1003 3451 1066 3516 huo
1081 3452 1229 3516 euntium

668 3567 849 3632 hiberrima
861 3564 1067 3648 indignatio?

594 3686 617 3719 “
627 3683 743 3745 Seotus
757 3679 891 3762 flagellis
905 3677 958 3740 hio
972 3676 1245 3757 Triumviralibus,

668 3791 831 3857 Praeoonis
846 3789 887 3853 ad
901 3785 1078 3866 fastidium,

625 3905 708 3968 Aras
723 3901 850 3966 Falerni
864 3899 952 3964 mille
966 3899 1059 3962 fundi
1071 3899 1187 3983 jugera

667 4013 713 4076 Et
727 4012 866 4095 Appiam
881 4011 1008 4074 mannia
1023 4009 1118 4088 terit3

625 4123 847 4205 sedilibusque
862 4143 999 4205 magnus
1013 4121 1048 4184 in
1063 4119 1173 4204 primis
1187 4141 1294 4205 eques,
1386 4175 1391 4182 ,
1453 4127 1493 4186 15

667 4232 798 4297 Othone
813 4237 1008 4315 contempto,
1025 4230 1124 4296 sedet.

625 4343 713 4412 Quid
728 4343 846 4406 attinet
860 4349 911 4406 tot
925 4363 982 4405 ora
995 4341 1127 4404 navium
1142 4341 1230 4425 gravi

667 4455 819 4519 Rostrata
832 4453 908 4517 duci
921 4451 1061 4537 pondere

624 4567 747 4630 Contra
759 4565 900 4628 latrones
915 4570 1012 4646 atque
1027 4562 1173 4627 servilem
1188 4584 1333 4644 manum,

668 4675 752 4752 Hoc,
768 4673 828 4738 hoc
843 4673 974 4738 tribuno
989 4673 1176 4737 militum?”
1452 4679 1496 4740 20

870 4811 893 4857 2.
913 4809 1097 4858 tdioconliast.
