3450 5667
520 772 741 830 cremnon
778 774 858 833 ΠΒ.
879 772 942 832 III.
967 772 987 832 i.

315 936 454 1001 Dulocm
469 936 682 1001 elaborabunt
696 959 854 1021 saporem,

361 1050 441 1112 Non
455 1048 566 1111 svium
581 1046 774 1131 cithnraeque
789 1057 903 1113 cnutus

278 1186 434 1248 Somnum
448 1183 615 1248 reducent.
661 1184 804 1247 Somnus
818 1185 994 1268 agrestium

279 1295 372 1359 lienis
385 1294 529 1359 virorum
542 1315 610 1359 nou
623 1293 762 1358 humiles
784 1293 896 1358 domos

320 1405 465 1484 Fastidit,
480 1404 731 1488 umbrosumque
745 1405 859 1489 ripam,

361 1517 441 1580 Non
454 1514 611 1600 Zephyris
625 1514 748 1598 agitatu
760 1514 891 1598 rl'empe.

177 1652 209 1710 25
283 1650 519 1716 Desidernutem
534 1651 622 1735 quod
636 1650 714 1715 setis
722 1658 778 1715 'est
791 1671 897 1735 neque

284 1762 525 1827 'lhmultnosnm
539 1763 692 1827 sollicitet
704 1783 804 1841 mare,

322 1875 391 1939 Nec
404 1896 506 1939 saevus
519 1876 653 1939 Arcturi
667 1873 811 1939 cudentis

363 1986 520 2071 Impetus,
534 1993 592 2049 sut
607 1985 742 2049 orientis
757 1983 873 2049 Haedi:

287 2120 358 2184 Non
370 2122 543 2187 verberate
556 2121 713 2205 grandine
726 2120 836 2194 vinee,

184 2228 217 2287 30
287 2230 469 2316 Fundnsque
485 2232 633 2311 mendax,
649 2232 763 2297 arbore
776 2252 866 2296 nune
881 2254 980 2317 eques

326 2350 489 2435 Gulpsnte,
504 2371 593 2414 nunc
607 2349 765 2415 torrentis
778 2370 872 2433 egros

367 2461 487 2541 Sidere,
502 2483 590 2525 nunc
603 2461 725 2526 hiemes
738 2460 875 2546 iniquus.

291 2595 452 2661 Contrmts
465 2597 570 2681 pisces
583 2618 713 2681 aeqnors
725 2597 872 2661 sentiunt

292 2704 311 2766 J
312 2706 384 2769 actis
396 2706 431 2770 in
445 2707 546 2770 altum
561 2706 722 2771 molibus:
744 2705 810 2769 huc
823 2704 975 2789 frequens

190 2809 222 2870 35
330 2818 486 2882 (lementa
501 2818 644 2882 demittit
656 2818 841 2902 redemptor

358 2929 450 2992 ‘Cum
462 2929 603 3009 famulis,
620 2929 835 3014 dominusque
848 2936 945 2993 terrae

294 3060 495 3130 Perfidiosus:
519 3066 576 3130 sed
589 3065 701 3131 'limor
714 3073 748 3130 et
761 3066 867 3130 Minas

295 3171 447 3240 Sesndunt
460 3176 583 3256 eodem,
600 3198 665 3261 quo
678 3176 829 3242 dominus
839 3203 851 3257 5
873 3197 979 3262 neque
1107 3210 1109 3219 v

332 3283 460 3352 Deoedit
473 3296 572 3353 aerete
585 3287 722 3367 triremi,
738 3295 773 3353 et

196 3386 228 3447 40
371 3397 446 3463 Post
459 3400 601 3485 equitem
615 3398 706 3464 sedet
720 3406 791 3463 utra
806 3400 903 3465 Cure.

299 3526 426 3596 Quodsi
439 3532 600 3599 dolentem
613 3555 676 3599 nec
690 3533 850 3620 Phrygius
864 3534 956 3619 lapis,

296 3637 360 3705 Nec
372 3666 580 3729 purpurarum
594 3646 696 3711 sidere
710 3646 827 3711 clarior

333 3751 456 3819 Delenit
469 3778 561 3836 usus,
575 3778 636 3821 nec
651 3746 788 3822 Falerna

373 3863 464 3945 Vitis,
481 3866 790 3953 Achaemeniumque
804 3876 930 3933 costum
941 3895 951 3948 ς

199 3986 230 4048 45
298 3996 357 4061 cur
368 3998 543 4068 invidendis
555 4003 702 4087 postibus
716 4012 750 4069 et
764 4026 848 4070 novo

299 4106 431 4177 Sublime
443 4115 511 4178 ritu
524 4116 639 4179 molier
652 4116 799 4180 atrium?

335 4218 397 4284 Onr
410 4224 488 4289 valle
502 4234 683 4309 permutem
699 4226 820 4293 Sabinu

374 4332 507 4401 Divitias
519 4336 741 4422 operosiores?
858 4363 865 4373 ’
