3450 5667
488 795 726 855 SATIRARUM
755 795 834 854 LIB.
862 796 907 853 II.
929 796 976 854 rii.

221 959 373 1027 Quisnam
382 960 484 1044 igitur
494 960 602 1025 liber?
625 959 758 1046 Sapiens
769 959 831 1024 sibi
842 960 899 1044 qui
909 959 1106 1045 imperiosus,

222 1078 325 1144 Quem
338 1097 442 1160 neque
457 1078 625 1162 pauperies
638 1097 743 1160 neque
762 1097 850 1140 mors
875 1096 981 1158 neque
1003 1074 1131 1137 vincula

389 1194 521 1267 terrent,

165 1299 200 1357 at
224 1297 416 1381 Responsare
430 1299 644 1383 cupidinibus,
662 1306 867 1362 contemnere
881 1297 1018 1362 honores
1142 1281 1320 1373 '‘1''132'2

223 1409 333 1487 Fortis,
348 1409 428 1472 etin
444 1431 478 1473 se
493 1409 563 1493 ipso
577 1417 675 1487 totus,
692 1417 776 1473 teres
791 1415 889 1492 atque
902 1406 1071 1485 rotundus,

222 1519 351 1582 Externi
364 1541 406 1584 ue
420 1520 498 1603 quid
512 1521 615 1584 valeat
629 1541 686 1605 per
700 1520 768 1584 leve
782 1518 912 1598 morari,

224 1629 262 1691 ln
276 1650 368 1711 quem
383 1651 497 1695 manca
511 1631 578 1694 ruit
592 1651 717 1714 semper
731 1631 871 1694 fortuna.
916 1630 1054 1693 Potesne

223 1739 268 1801 Ex
283 1739 333 1803 his
347 1747 383 1804 nt
397 1741 560 1825 proprium
571 1740 649 1824 quid
659 1741 815 1804 noscere?
847 1740 998 1824 Quinque
1009 1740 1131 1803 talenta

168 1851 205 1908 90
227 1848 324 1912 Poscit
337 1857 370 1912 te
385 1849 511 1928 mulier,
527 1857 621 1912 vexat
635 1849 821 1934 foribusque
836 1849 999 1933 repulsum

224 1959 385 2023 Perfundit
399 1960 516 2044 gelida,
531 1981 641 2024 rursus
655 1968 766 2025 vocat:
790 1961 877 2045 eripe
890 1961 979 2044 turpi

225 2069 309 2132 Colla
318 2071 399 2154 jugo
410 2097 420 2148 3
444 2069 551 2150 Liber,
568 2070 649 2135 liber
663 2093 746 2150 sum,
763 2071 814 2135 dic
829 2072 910 2154 age!
942 2073 1022 2136 Non
1036 2073 1108 2155 quis
1121 2098 1128 2135 :

224 2179 323 2262 Urget
337 2180 422 2244 euim
439 2181 588 2245 dominus
604 2190 747 2245 mentem
762 2202 828 2246 non
841 2181 926 2246 lenis
939 2189 973 2244 et
987 2203 1076 2245 acres

225 2288 384 2374 Subjectat
398 2290 483 2356 lasso
497 2291 646 2356 stimulos
659 2301 828 2377 versatque
842 2301 1028 2376 negantem.

169 2400 203 2459 95
223 2399 280 2462 Vel
295 2421 368 2464 curn
382 2401 537 2466 Pausiaca
551 2411 667 2486 torpes,
683 2402 805 2482 insane,
827 2403 955 2481 tabella,
1143 2423 1186 2463 tor.
1197 2421 1223 2464 lt
1231 2423 1252 2463 a
1262 2423 1281 2463 1.
1291 2423 1324 2464 ar.

224 2510 285 2576 Qui
300 2523 409 2595 peccas
423 2511 530 2576 minus
542 2521 638 2596 atque
649 2533 719 2597 ego,
733 2535 807 2578 cum
819 2515 913 2578 Fulvi
924 2513 1130 2598 Rutubaeque

223 2623 287 2684 Aut
302 2622 484 2687 Pacideiani
499 2631 652 2687 contento
666 2624 786 2708 poplite
800 2624 902 2688 miror

223 2728 334 2794 Proelia
346 2731 475 2795 rubrica
488 2732 576 2814 picta
590 2739 647 2795 ant
662 2731 810 2811 carbone,
826 2732 914 2797 velut
928 2733 957 2796 si

224 2839 352 2905 Revera
366 2849 524 2926 pugnent,
540 2842 657 2906 feriant
672 2843 837 2927 vitentque
852 2851 1017 2908 moventes

155 2947 205 3011 100
225 2952 318 3016 Arma
330 2953 416 3016 riri?
462 2954 614 3037 Nequam
629 2963 662 3019 et
678 2963 815 3019 cessator
830 2955 961 3035 Davus,
984 2965 1019 3019 at
1033 2955 1101 3040 ipse
1142 2968 1321 3011 ced-2211

224 3061 350 3128 Subtilis
364 3071 510 3129 veterum
522 3065 622 3150 judex
638 3074 671 3130 et
686 3066 821 3130 callidus
836 3065 938 3130 audis.
1142 3085 1185 3127 ιιι,
1194 3085 1216 3127 s.
1226 3086 1245 3128 a
1254 3088 1316 3128 aa.

222 3172 278 3237 Nil
291 3197 359 3259 ego,
372 3178 399 3240 si
414 3177 515 3241 ducor
529 3177 596 3242 libo
609 3177 774 3243 fumante:
797 3179 858 3243 tibi
872 3179 987 3262 ingens

223 3283 329 3350 Virtus
343 3295 440 3370 atque
456 3287 584 3352 animus
599 3288 686 3352 oenis
700 3297 865 3372 responsat
879 3289 1017 3373 opimis?

223 3395 414 3480 Obsequium
429 3397 550 3463 ventris
565 3398 646 3462 milri
660 3399 867 3484 perniciosius
882 3408 931 3464 est
945 3401 1030 3464 err?

155 3499 203 3564 105
223 3505 320 3592 'l'ergo
334 3508 455 3594 plector
470 3509 567 3574 enim.
614 3509 680 3577 Qui
696 3517 734 3574 tu
750 3511 940 3594 impunitior
953 3511 1020 3589 illa,

224 3615 300 3682 Quae
313 3641 408 3702 parvo
422 3621 508 3684 sumi
522 3627 698 3703 nequeunt,
714 3620 848 3685 obsonia
862 3623 997 3707 captas?

223 3727 343 3814 Nempe
357 3732 595 3796 inamarescunt
610 3733 712 3816 epulae
728 3733 798 3796 sine
812 3733 877 3796 line
890 3733 1011 3817 petita,
1143 3769 1186 3809 ιη.
1197 3758 1218 3800 s.
1227 3759 1247 3801 a.
1256 3760 1276 3800 a
1286 3759 1318 3800 ra.

221 3837 371 3924 Illusique
385 3843 482 3926 pedes
497 3843 647 3908 vitiosum
662 3843 746 3908 ferre
761 3853 912 3908 recusant
1141 3875 1180 3916 otc
1191 3875 1213 3916 s.
1222 3876 1242 3916 a.
1252 3876 1272 3915 a
1281 3877 1315 3917 τι.

221 3949 350 4034 Corpus.
382 3955 438 4017 An
452 3953 507 4017 hic
522 3963 644 4038 peccat,
660 3954 721 4019 sub
736 3963 865 4019 noctem
881 3955 937 4040 qui
945 3977 1025 4040 puer
1032 3978 1127 4020 uvam

153 4051 203 4119 llo
222 4059 349 4126 Furtiva
361 4071 467 4128 mutat
481 4065 623 4148 strigili?
647 4066 702 4150 qni
716 4065 835 4150 praedia
848 4067 967 4145 rendit,

220 4171 274 4235 Nil
286 4174 398 4239 servile
412 4175 496 4258 gnlae
511 4197 626 4260 parens
639 4177 766 4241 habet?
811 4177 916 4256 Adde,
928 4177 1014 4262 quod
1028 4177 1113 4241 idem
1139 4201 1187 4254 μι,
1196 4199 1223 4242 u.
1233 4201 1253 4241 1.
1262 4203 1281 4242 a.
1291 4201 1327 4262 or,

220 4281 292 4347 Non
305 4283 419 4349 boram
432 4293 542 4350 tecum
558 4307 626 4352 esse
641 4295 743 4371 potes,
759 4309 825 4352 uon
840 4289 908 4352 otia
920 4297 1009 4353 recte

221 4390 351 4474 Ponere,
365 4403 461 4480 teque
475 4397 582 4481 ipsum
596 4398 678 4462 ritas
692 4398 847 4482 fugitivus
861 4407 895 4464 et
910 4421 992 4478 erro,
1143 4429 1188 4468 ιη.
1198 4415 1222 4456 c.
1232 4416 1251 4456 a.
1261 4415 1293 4457 u.
1302 4417 1335 4457 ao.

220 4503 291 4578 Jam
304 4505 379 4570 rino
394 4528 552 4591 quaerens,
564 4509 635 4592 jam
650 4529 763 4574 somno
777 4509 888 4575 fallere
903 4531 1033 4586 curam3

153 4607 200 4672 115
221 4614 349 4680 Frustra
361 4643 367 4680 :
392 4639 467 4681 nam
480 4639 589 4684 comes
601 4629 671 4683 atra
685 4621 802 4704 premit
817 4621 1024 4705 sequiturque
1037 4620 1129 4704 fuga·
1146 4674 1189 4718 „3¹
1199 4664 1225 4707 e·
1234 4667 1254 4708 3·
1264 4665 1283 4707 ,¹
1292 4667 1326 4708 ω,

301 4749 381 4792 oem.

493 4841 534 4892 97.
555 4842 720 4893 Placideiani.
