3450 5667
514 689 734 747 CARMINUM
770 687 846 746 lm.
869 690 895 746 Ι,
919 687 1012 746 xxxvi.

338 851 481 916 Gcetana
497 855 597 931 acuo,
619 873 680 916 nec
693 873 819 916 severus

382 965 501 1027 Uncus
516 962 618 1042 abest,
633 963 856 1046 liquidumque
870 962 1051 1047 plumbum.

297 1099 339 1162 Te
355 1101 435 1182 Spea
450 1106 486 1163 et
502 1099 574 1164 albo
588 1121 663 1162 rara
676 1099 772 1162 Fides
788 1098 862 1162 colit

297 1209 411 1273 velata
425 1232 546 1295 panno,
562 1231 624 1274 uec
639 1211 790 1274 comitem
805 1209 955 1294 abnegat,

339 1322 527 1405 Utrumne
542 1329 669 1385 mutata
683 1321 823 1404 potentis

381 1433 484 1497 Veste
499 1433 613 1497 domos
627 1432 758 1494 inimica
772 1433 901 1515 linquis.

192 1563 221 1616 -'
300 1563 345 1624 At
358 1562 472 1646 volgus
488 1564 626 1626 infidum
641 1571 675 1626 et
689 1564 840 1627 meretrix
854 1575 942 1628 retro

301 1672 430 1755 Perjura
444 1674 550 1752 cedit,
575 1673 750 1757 diffugiunt
766 1675 852 1738 cadis

342 1785 424 1848 Cum
440 1786 520 1850 faece
534 1786 661 1850 siccatis
676 1785 782 1862 amici,

383 1897 481 1961 Ferre
493 1897 612 1980 jugum
626 1897 746 1981 pariter
760 1897 873 1961 dolosi.

305 2031 412 2096 Series
425 2033 549 2097 iturum
566 2035 725 2098 Caesarem
740 2033 776 2097 iu
789 2033 922 2098 ultimos

303 2142 393 2207 Orbis
408 2145 594 2222 Britannos,
610 2152 644 2208 et
657 2145 812 2228 juvenum
827 2167 938 2210 recens

343 2255 488 2319 Examen
503 2256 583 2319 Eois
598 2255 778 2320 timendum

384 2365 546 2444 Partibus,
564 2369 757 2449 Oceanoque
772 2367 881 2432 rubro.

304 2499 410 2564 Eheu!
435 2502 622 2566 cicatricum
638 2511 671 2566 et
686 2503 813 2567 sceleris
827 2505 928 2587 pudet

306 2611 648 2697 matrumque-Quid
663 2635 722 2677 noe
736 2613 817 2678 dura
831 2615 1009 2699 refugimus

221 2722 233 2736 '
349 2725 466 2790 AEtaa‘?
490 2724 568 2809 quid
582 2726 742 2790 intactum
757 2726 874 2789 nefasti

388 2837 584 2921 Liquimus?
606 2837 692 2900 unde
706 2858 839 2900 manum
851 2837 1005 2920 juventus

308 2969 398 3036 Metu
412 2973 545 3037 deorum
560 2973 747 3037 continuit?
771 2973 888 3056 quibua

311 3081 447 3166 Pepercit
462 3085 550 3148 arie?
594 3086 624 3149 Ο
640 3084 765 3148 utinam
780 3105 864 3148 nova

350 3195 468 3260 Iucude
483 3197 631 3280 diffingas
645 3204 791 3260 retusum
805 3196 839 3259 in

389 3309 589 3392 Massagetae
603 3308 790 3390 Arabasque
805 3307 937 3372 terrum.

595 3659 755 3724 XXXVI.

309 3792 348 3858 Et
360 3795 453 3860 thure
468 3803 501 3860 et
516 3794 634 3859 fidibus
644 3796 736 3880 juvat

348 3907 477 3972 Placare
492 3915 525 3970 et
541 3906 635 3970 vituli
649 3905 804 3988 sanguine
819 3904 928 3969 debito

309 4016 459 4082 Custodes
474 4019 508 4082 N
509 4016 627 4080 umidae
641 4016 726 4094 deos,

347 4131 411 4198 Qui
426 4151 525 4208 nunc,
543 4129 700 4212 Hesperia
715 4148 820 4211 sospes
836 4127 876 4190 ab
890 4127 1017 4203 ultima,

309 4239 392 4304 Caris
407 4241 513 4305 multe
527 4239 699 4316 sodalibus,

347 4353 436 4416 Nuli
452 4351 545 4436 plura
558 4358 667 4414 tamen
683 4349 795 4413 dividit
810 4349 919 4413 oscula

308 4461 410 4527 Quum
425 4463 513 4525 dulci
529 4461 662 4540 Lamiae,
678 4481 802 4524 memor

346 4575 437 4638 Actae
452 4592 518 4636 non
534 4573 596 4637 alio
609 4594 685 4656 rege
700 4570 844 4656 puertiae,
1186 4601 1232 4643 m.
1243 4593 1268 4632 r.
1280 4591 1303 4632 r.
1316 4591 1359 4634 ro.

209 4723 240 4772 ²³·
253 4733 365 4790 potentes.
420 4736 460 4784 25.
478 4735 580 4796 vulgus.
627 4734 667 4782 39.
679 4737 824 4790 retrusum,
839 4731 872 4778 K.
973 4741 1049 4775 mv.
1068 4727 1092 4773 l·
1105 4731 1171 4774 tum·

1190 4819 1212 4866 Ε
