3450 5667
496 788 720 850 ulmam!
753 789 833 849 ΠΒ.
853 789 912 851 IV.
934 790 971 849 iv.

275 952 422 1037 Dixitque
435 952 556 1019 undem
569 953 712 1038 pertidus
727 952 918 1019 Hannibal:

173 1066 206 1128 50
249 1068 270 1101 ‘¹
276 1066 372 1144 Cervi,
386 1066 524 1151 luporum
537 1066 647 1151 praeds
664 1065 842 1150 rapacium,

315 1179 474 1243 Seetumur
484 1179 580 1257 ultro,
597 1199 678 1263 quos
692 1178 822 1262 opimus

353 1289 469 1354 Fallere
481 1298 512 1354 et
525 1288 668 1373 effugere
681 1295 732 1353 est
744 1285 938 1373 triumphus.

249 1440 269 1471 “
277 1436 367 1515 Gens,
381 1458 449 1520 qus
461 1444 600 1503 memsto
613 1436 707 1501 fortis
722 1435 764 1501 sb
777 1434 843 1500 llio

276 1548 393 1611 Jactau
405 1547 508 1613 'l'useis
521 1546 704 1629 {equoribus
717 1566 820 1626 meru,

177 1655 207 1716 55
313 1656 469 1742 Notosque
480 1664 686 1740 maturosque
699 1662 808 1740 putres

352 1768 481 1833 Pertulit
492 1768 654 1832 Ausonius
668 1766 710 1830 ud
724 1764 830 1845 urbes,

248 1912 364 1977 “Duris
375 1920 413 1977 ut
424 1913 483 1980 ilex
495 1922 591 1979 tonse
603 1911 799 1998 bipennibus

275 2022 376 2107 Nigrae
387 2024 479 2089 iered
490 2024 614 2091 frondis
627 2024 665 2087 in
677 2022 810 2108 Algido,

313 2138 370 2203 Per
381 2138 502 2222 mnne,
516 2162 574 2227 per
588 2139 700 2218 eredes,
716 2138 757 2204 sb
771 2140 843 2224 ipso

177 2246 210 2309 60
348 2250 443 2317 Ducit
455 2272 529 2337 opes
542 2252 752 2335 animumque
764 2250 862 2316 ferro.

252 2398 347 2464 “Non
360 2400 469 2487 Hydra
480 2410 570 2468 moto
583 2422 717 2487 eorpore
730 2400 855 2466 firmior

276 2510 362 2575 Vinei
373 2512 529 2578 dolentem
544 2514 644 2578 erevit
657 2512 695 2575 in
709 2511 907 2577 Herculem

310 2622 521 2689 Monstrumve
534 2623 713 2688 submisere
727 2622 842 2687 Colchi

349 2734 462 2820 Msjus,
476 2734 681 2801 Echionizeve
695 2732 825 2799 Thebe.

180 2876 209 2936 65
252 2882 270 2914 “
278 2878 386 2947 Merses
398 2882 564 2969 profundo,
578 2880 743 2967 pulchrior
756 2882 882 2947 evenit:

275 2989 405 3072 meere,
418 2993 521 3057 mults
533 2998 666 3077 proruet
678 2992 844 3076 integrum

312 3101 386 3167 Cum
398 3102 489 3169 lsude
503 3103 668 3181 victorem,
684 3110 839 3186 geretque

335 3214 445 3280 Proelis
457 3214 649 3299 conjugibus
662 3212 834 3297 loquendo.

249 3358 268 3390 “
275 3358 443 3447 Carthagini
453 3364 524 3448 jam
537 3384 606 3427 non
620 3381 680 3445 ego
694 3362 828 3427 nuntios

184 3460 213 3522 7⁰
276 3466 392 3539 Mittam
404 3474 576 3561 superbos3
600 3473 729 3553 oceidit,
745 3473 865 3538 oceidit

314 3582 383 3666 Spes
396 3586 500 3651 omnis
515 3592 549 3649 et
563 3584 694 3649 fortune
707 3584 811 3649 nostri

347 3694 504 3775 Nominis,
521 3694 727 3759 Hasdrubale
740 3694 945 3780 interempto.

251 3836 323 3903 “Nss
335 3842 470 3909 Clsudiae
483 3866 552 3909 non
565 3844 733 3929 perficient
747 3864 862 3907 manus
876 3867 883 3907 :

274 3948 349 4016 Ques
361 3962 393 4020 et
405 3954 547 4039 benigno
561 3954 698 4018 numine
713 3956 734 4018 J
735 3953 862 4038 uppiter

185 4048 211 4107 75
308 4060 462 4143 Defendit,
477 4072 511 4128 et
525 4084 611 4129 curor
625 4083 756 4145 ssguees

344 4175 526 4261 Erpediunt
540 4194 597 4257 per
611 4180 708 4237 scuta
720 4170 831 4236 belli.’'

520 4333 563 4387 rs.
580 4333 728 4397 pereum.
762 4318 770 4327 ‘

1138 2015 1321 2069 musmo.

1216 2067 1306 2109 rme
