3450 5667
839 721 874 794 o.
896 721 1052 780 noum
1069 721 1209 780 rcAccr

622 882 742 948 Intulit
756 883 874 966 agresti
890 885 987 948 Latio
995 910 1005 963 ς
1029 884 1074 948 sic
1089 884 1231 949 horridus
1241 881 1293 945 ille

620 992 766 1056 Deduxit
779 1015 933 1056 uumerus
950 994 1132 1070 Saturnius,
1148 1002 1181 1056 et
1194 1011 1275 1076 grave
1291 989 1382 1051 vinis

619 1103 793 1167 Munditie
808 1106 957 1188 pepulere
969 1130 978 1182 3
1001 1104 1057 1168 sed
1071 1105 1105 1166 in
1119 1106 1246 1188 longum
1258 1109 1370 1164 tamen
1385 1117 1483 1160 aerum

619 1215 815 1278 Manserunt
829 1215 989 1298 hodieque
1003 1223 1137 1278 manent
1152 1213 1278 1296 vestigia
1289 1210 1385 1274 ruris.
1532 1203 1576 1265 lul

621 1327 720 1390 Serus
733 1326 821 1389 enim
837 1326 960 1390 Graecis
975 1324 1116 1388 admovit
1131 1325 1276 1388 acumina
1288 1319 1416 1396 chartis,

619 1439 663 1500 Et
678 1446 748 1520 post
766 1438 887 1500 Punica
903 1437 987 1500 belle
1002 1437 1129 1519 quietus
1144 1457 1282 1519 quaerere
1294 1433 1401 1516 coepit,

409 1573 460 1616 rae.
471 1575 496 1616 a.
507 1573 532 1614 e.
541 1573 586 1614 ne.
621 1546 709 1614 Quid
724 1547 898 1630 Sophocles
913 1554 945 1610 et
961 1547 1093 1630 Thespis
1108 1555 1141 1610 et
1156 1546 1320 1630 AEsehylus
1333 1543 1415 1606 utile
1436 1540 1546 1603 ferrent.

619 1657 801 1740 Temptavit
816 1679 944 1741 quoque
959 1677 1039 1734 rem,
1055 1657 1082 1720 si
1098 1656 1195 1739 digne
1209 1668 1324 1719 vertere
1337 1660 1453 1737 posset

409 1795 443 1824 oe.
454 1785 475 1824 Β.
485 1785 504 1823 1.
514 1783 546 1822 ιο.
555 1783 587 1823 ⁴2
621 1767 665 1832 Ilt
680 1768 800 1850 placuit
814 1767 887 1845 sibi,
903 1777 1020 1830 natura
1035 1767 1181 1830 sublimis
1196 1775 1230 1829 et
1245 1787 1332 1842 acer;
1533 1757 1576 1818 155

409 1885 452 1936 ενι
462 1883 487 1924 ⁰·
497 1886 516 1922 ί
526 1885 545 1923 ³
555 1883 587 1922 Ἀ
621 1877 710 1941 Nam
724 1877 825 1960 spirat
840 1877 999 1960 tragicum
1015 1877 1092 1940 satis
1107 1885 1140 1939 et
1154 1875 1290 1940 feliciter
1303 1873 1403 1951 audet,

410 1999 445 2040 Ψ·
456 2001 481 2040 Α·
493 1998 515 2040 ¹³·
525 1999 571 2040 m
622 1987 687 2052 Sed
702 1997 828 2072 turpem
843 1995 938 2070 putat
953 1987 1068 2052 inscite
1083 1988 1263 2070 metuitque
1278 1987 1411 2050 lituram.

621 2099 782 2170 Creditur,
797 2119 837 2161 ex
852 2099 958 2162 medio
973 2099 1050 2181 quia
1064 2119 1114 2161 res
1129 2099 1271 2174 arcessit,
1287 2096 1397 2160 babere

622 2207 755 2270 Sudoris
769 2208 952 2284 minimum,
969 2207 1024 2271 sed
1039 2207 1136 2270 habet
1151 2207 1306 2270 eomoedia
1318 2213 1406 2268 tanto

623 2316 701 2380 Plus
715 2317 832 2394 oneris,
847 2325 969 2400 quanto
984 2317 1084 2380 venies
1099 2318 1217 2380 minus.
1240 2317 1383 2400 Adspice,
1393 2314 1514 2378 Plautus
1533 2305 1591 2388 1:03

624 2426 699 2491 Quo
712 2435 806 2510 pacto
819 2435 927 2509 partes
943 2435 1069 2490 tutetur
1083 2428 1222 2490 amantis
1236 2427 1357 2510 ephebi,

623 2537 673 2600 Ut
686 2536 786 2620 patris
801 2537 931 2614 attenti,
946 2536 1071 2600 lenonis
1085 2544 1123 2599 ut
1137 2537 1302 2601 insidiosi:

624 2647 775 2712 Quantus
789 2647 832 2709 sit
846 2646 1032 2710 Dossennus
1047 2647 1199 2710 edacibus
1212 2647 1248 2710 in
1262 2646 1413 2732 parasitis,

410 2781 456 2813 coe·
466 2771 492 2812 Α-
503 2771 526 2813 ¹³·
536 2773 568 2812 ⁸⁰·
626 2757 735 2823 Quam
750 2777 817 2820 non
832 2757 985 2820 adstricto
1001 2765 1163 2839 percurret
1177 2757 1302 2842 pulpita
1315 2777 1422 2834 sooco;

626 2868 734 2932 Gestit
748 2867 835 2930 enim
846 2886 1017 2930 nummum
1028 2869 1063 2930 in
1074 2868 1195 2930 loculos
1207 2868 1382 2946 demittere,
1393 2865 1519 2951 posthoc
1532 2863 1575 2925 175

625 2981 774 3056 Securus,
790 2979 885 3042 cadet
900 3001 941 3042 an
957 2987 1044 3044 recto
1059 2989 1123 3044 stet
1137 2981 1247 3044 fabula
1261 2983 1337 3046 talo.
1591 2991 1592 3068 l

454 3179 460 3189 ι
487 3179 491 3188 Ι
516 3128 527 3188 Ι·
544 3097 611 3189 ῥέξ-
626 3087 732 3153 Quem
747 3088 824 3150 tulit
838 3087 879 3150 ad
893 3109 1021 3152 scenam
1036 3099 1168 3154 ventoso
1183 3093 1296 3156 Gloria
1311 3113 1415 3170 curm,
1591 3085 1592 3088 ¹

624 3197 796 3261 Exenimat
811 3197 918 3260 lentus
933 3205 1104 3281 spectator,
1120 3198 1248 3262 sedulus
1262 3201 1375 3264 indat:

627 3309 681 3372 Sic
694 3308 773 3384 leve,
790 3309 836 3370 sic
850 3329 984 3391 pervum
999 3317 1058 3386 est,
1075 3309 1220 3372 animum
1236 3311 1321 3392 quod
1337 3311 1439 3374 laudis
1455 3331 1556 3374 ararum

627 3421 761 3486 Subruit
776 3430 832 3484 aut
846 3423 958 3486 reficit.
1003 3423 1120 3486 Veleat
1134 3445 1185 3486 res
1198 3424 1332 3504 ludicra,
1347 3426 1373 3489 si
1389 3447 1442 3489 me
1539 3425 1580 3487 180

626 3532 739 3596 Palma
752 3540 870 3615 negata
883 3553 1038 3610 meorum,
1054 3533 1171 3597 donate
1186 3534 1310 3598 reducit
1324 3537 1477 3618 opimum.

627 3644 717 3726 Saepe
732 3643 830 3706 etiam
845 3643 997 3708 audacem
1013 3644 1104 3728 fugat
1119 3645 1181 3708 hoc
1195 3653 1356 3730 terretque
1370 3653 1507 3730 poetam,

627 3753 722 3820 Quod
737 3775 871 3817 numero
887 3754 1001 3838 plures,
1017 3755 1134 3818 virtute
1148 3765 1182 3819 et
1196 3756 1317 3821 honore
1331 3759 1482 3838 minores,

627 3864 755 3927 Inducti
771 3863 941 3948 stolidique
956 3871 989 3928 et
1003 3864 1185 3948 depugnare
1206 3868 1317 3948 parati,

628 3974 664 4038 Si
679 3973 839 4038 discordet
852 3995 961 4056 eques,
976 3974 1082 4038 media
1095 3975 1180 4038 inter
1194 3977 1335 4045 carmina
1349 3989 1488 4062 poscunt
1546 3982 1585 4044 ub

412 4087 461 4140 ,ra
473 4084 596 4178 {¹13⁸ssae
627 4087 695 4149 Aut
709 4105 820 4148 ursum
834 4092 890 4147 aut
906 4084 1046 4168 pugilem
1070 4085 1120 4148 his
1135 4107 1210 4149 nam
1224 4087 1387 4170 plebecula
1401 4091 1529 4173 plaudit.

626 4197 750 4260 Verum
764 4193 882 4277 equitis
898 4216 1024 4278 quoque
1036 4195 1105 4278 jam
1120 4195 1269 4279 migravit
1284 4197 1325 4262 ab
1340 4219 1417 4263 eure
1431 4203 1558 4288 voluptas

626 4305 742 4372 Omnis
757 4304 798 4368 ad
810 4304 949 4368 incertos
964 4305 1072 4368 oculus
1086 4313 1119 4370 et
1134 4307 1250 4389 gaudia
1264 4329 1356 4372 vane.

628 4422 777 4487 Quatuor
791 4423 847 4480 aut
861 4415 970 4498 plures
985 4415 1085 4480 aulaee
1099 4425 1289 4500 premuntur
1303 4419 1337 4482 in
1351 4419 1457 4498 horas,

626 4529 715 4594 Dum
730 4527 860 4612 fugiunt
874 4525 1018 4610 equitum
1033 4535 1148 4592 turmae
1161 4527 1369 4612 peditumque
1383 4541 1534 4616 oetervae;
1551 4539 1589 4601 19⁰

674 4694 729 4747 178.
746 4697 837 4747 instet.
905 4695 961 4746 179.
981 4697 1146 4758 lparvumst
1215 4701 1271 4750 180.
1288 4715 1327 4751 ao.
1402 4705 1564 4770 lee.gnu21o.
