3450 5667
522 737 760 801 sArlnAaulr
797 742 875 800 tm.
905 740 933 801 1.
963 761 990 800 v.
1315 746 1370 802 149

156 913 194 974 45
215 906 369 974 Proxima
381 907 547 990 Campano
561 905 653 990 ponti
669 927 741 989 quse
756 905 876 984 villula,
891 913 1015 970 tectum
1170 929 1207 972 su.
1217 909 1297 972 s'as
1307 931 1339 973 rc.

216 1017 373 1094 Praebuit,
389 1025 422 1080 ct
436 1015 567 1099 parochi
583 1036 654 1098 quae
670 1014 787 1079 debent
802 1015 891 1098 ligna
904 1015 1077 1100 salemque.

220 1129 307 1191 Hinc
322 1126 402 1191 muli
418 1125 537 1210 Capuae
552 1125 688 1188 clitellas
702 1133 846 1209 tempore
861 1133 998 1208 ponunt.

220 1238 346 1302 Lusum
360 1237 386 1300 it
399 1237 573 1314 Maeccnas,
589 1235 768 1299 dormitum
784 1255 844 1318 ego
861 1235 1102 1320 Virgilimque3

220 1349 371 1430 Namque
384 1347 449 1430 pila
462 1346 558 1431 lippis
572 1345 742 1410 inimicum
757 1354 790 1409 ct
804 1344 915 1411 ludere
929 1347 1047 1412 crudis.
1170 1373 1212 1425 ,a
1222 1371 1303 1416 ssa.
1312 1373 1344 1415 u

167 1458 204 1519 no
225 1457 310 1522 Hinc
323 1477 382 1522 uos
396 1457 524 1522 Cocoeii
538 1456 653 1539 recipit
668 1455 856 1539 plenissima
869 1457 954 1536 villa,

229 1569 307 1634 Quas
321 1574 478 1651 superest
493 1566 598 1631 Caudi
614 1587 784 1650 cauponas.
828 1567 929 1631 Nunc
943 1568 1023 1632 mibi
1038 1568 1148 1654 paucis

228 1678 384 1742 Sarmenti
399 1697 516 1742 scurrae
531 1697 676 1760 pugnam
689 1676 855 1760 Messique
871 1677 1023 1757 Cicimbi,

229 1787 332 1866 Musa,
347 1787 440 1852 velim
455 1807 625 1865 memores,
642 1794 676 1850 et
691 1808 755 1870 quo
769 1795 860 1870 patre
874 1795 972 1852 natus
986 1796 1123 1872 uterque

230 1897 403 1962 Contulerit
416 1898 500 1962 lites.
546 1897 648 1961 Messi
663 1897 786 1961 clarum
802 1918 906 1982 genus
920 1898 997 1963 Osci
1008 1924 1019 1977 3

174 2011 207 2068 55
229 2009 384 2072 Sarmenti
398 2008 530 2072 domina
543 2015 669 2072 exstat:
693 2007 734 2071 ab
748 2007 800 2071 bis
815 2009 993 2092 majoribus
1007 2010 1072 2073 orti

231 2118 279 2182 Ad
292 2141 429 2204 pugnam
444 2139 571 2183 venere.
616 2118 711 2185 Prior
727 2120 938 2183 Sarmentus:
961 2120 1048 2204 Equi
1062 2127 1096 2184 te

230 2229 304 2294 Esse
316 2230 376 2294 feri
389 2229 529 2294 similem
543 2229 625 2294 dico.
671 2228 840 2308 Ridemus,
856 2231 973 2314 etipse

232 2339 382 2405 Messius:
405 2339 558 2424 Accipi03
582 2346 679 2424 caput
694 2347 728 2404 et
742 2347 870 2404 movet:
887 2342 928 2418 0,
943 2347 1003 2404 tua
1015 2361 1117 2404 cornu

232 2449 275 2513 Ni
287 2450 367 2515 foret
380 2457 507 2515 exsecto
520 2449 620 2528 frons,
636 2449 754 2534 iuquit,
771 2449 849 2532 quid
862 2449 993 2528 faceres,
1009 2471 1085 2514 cum

182 2560 217 2620 60
238 2561 285 2625 Sic
298 2563 431 2626 mutilus
445 2561 632 2625 minitaris?
675 2561 723 2624 At
736 2559 783 2624 illi
796 2560 886 2625 foeda
899 2561 1031 2625 cicatrix

239 2673 376 2737 Setosam
389 2673 461 2737 laevi
476 2671 618 2736 fronmm
632 2675 817 2755 turpaverat
830 2671 907 2735 oris.

236 2782 427 2868 Campanum
440 2784 476 2847 iu
491 2781 652 2861 morbum,
667 2781 703 2844 in
716 2780 832 2844 faciem
850 2780 1013 2864 permulta
1022 2781 1162 2865 jocatus,

237 2891 392 2958 Pastorem
406 2893 538 2956 saltaret
552 2891 603 2954 uti
618 2890 761 2975 Cyclopa
774 2889 929 2973 rogabat:
1176 2905 1209 2955 ⁶³-
1219 2901 1244 2943 Β.
1253 2901 1273 2943 ¹·
1283 2902 1303 2943 2
1313 2900 1358 2942 1²⁶·

239 3000 292 3064 Nil
305 3002 350 3066 illi
363 3003 451 3066 larva
464 3008 523 3065 sut
537 3000 670 3084 tragicis
684 3021 765 3085 opus
780 3021 848 3064 esse
862 2999 1038 3066 cothurnis.

192 3109 223 3170 65
242 3109 340 3176 Multa
353 3111 515 3178 Cicirrhus
530 3111 572 3176 ad
585 3111 676 3176 baec:
700 3111 864 3176 Donasset
873 3113 985 3196 jamne
1000 3121 1148 3178 catenam

240 3219 367 3285 Eurota
380 3221 530 3299 Laribus,
547 3220 710 3303 quaerebat
718 3245 729 3299 ;
753 3220 857 3285 scriba
872 3220 958 3305 quod
972 3229 1067 3301 esset,

241 3329 347 3398 Nihilo
360 3333 500 3398 deterius
515 3331 654 3396 dominre
665 3333 721 3416 jus
735 3351 824 3412 ease;
847 3332 982 3416 rogabat

242 3439 388 3527 Denique,
402 3463 460 3508 cur
474 3463 629 3525 umquam
644 3441 792 3526 fugisset,
808 3443 862 3507 cui
876 3443 955 3506 satis
969 3464 1036 3506 una

244 3552 338 3618 Farris
350 3555 431 3619 libra
443 3555 539 3632 foret,
556 3553 668 3636 gracili
684 3552 730 3618 sic
744 3561 878 3637 tamque
893 3553 1019 3637 pusillo.

196 3663 228 3721 70
244 3663 364 3730 Prorsus
374 3664 518 3749 jucunde
533 3685 645 3728 cenam
662 3664 873 3748 produximus
888 3664 987 3728 illam.

245 3774 404 3840 'leodimus
411 3775 491 3840 binc
505 3781 594 3838 recta
604 3775 841 3852 Beneventum,
850 3773 908 3837 ubi
916 3773 1045 3837 sedulus
1051 3773 1167 3858 hospes

245 3883 329 3949 Pane
342 3905 468 3950 macros
483 3881 563 3946 arsit
578 3881 656 3944 dum
671 3881 785 3947 turdos
798 3889 905 3947 versat
918 3883 954 3946 in
966 3883 1056 3966 igni:

245 3990 321 4058 Nam
334 4015 413 4078 vaga
426 4012 484 4077 per
498 3997 640 4056 veterem
656 3989 779 4076 dilapso
794 3991 924 4056 flamma
939 3993 1081 4056 culinam

246 4101 378 4169 Vulcano
392 4123 558 4168 summum
573 4101 763 4186 properabat
777 4101 919 4168 lambere
932 4110 1071 4197 tectum²

201 4209 231 4270 ⁷5
249 4213 389 4280 Convivas
404 4215 515 4279 avidos
529 4235 643 4278 cenam
658 4197 828 4297 servosque
842 4214 996 4279 timentes

248 4322 319 4389 lbm
331 4345 441 4410 rapere
456 4330 554 4406 atque
568 4342 681 4388 omnes
695 4323 894 4407 restinguere
908 4325 989 4390 velle
1003 4323 1135 4390 videres.

250 4431 356 4520 Incipit
369 4455 408 4499 ex
422 4434 479 4498 illo
493 4439 621 4497 montes
635 4432 755 4517 Apulia
768 4441 863 4498 notos

251 4545 405 4614 Ostentare
419 4545 512 4624 mihi,
529 4565 610 4628 quos
624 4551 725 4610 torret
739 4543 902 4609 Atabulus
916 4552 950 4609 ct
965 4565 1044 4632 qups

420 4723 460 4774 60.
478 4723 615 4773 minitoris.
684 4722 724 4774 70.
741 4723 916 4786 producimus.
