<?xml version="1.0" encoding="UTF-8"?>
<!DOCTYPE html PUBLIC "-//W3C//DTD XHTML 1.0 Transitional//EN"
    "http://www.w3.org/TR/xhtml1/DTD/xhtml1-transitional.dtd">
<html xmlns="http://www.w3.org/1999/xhtml" xml:lang="en" lang="en">
 <head>
  <title>
</title>
<meta http-equiv="Content-Type" content="text/html;charset=utf-8" />
  <meta name='ocr-system' content='tesseract 3.04.00' />
  <meta name='ocr-capabilities' content='ocr_page ocr_carea ocr_par ocr_line ocrx_word'/>
</head>
<body>
  <div class='ocr_page' id='page_1' title='image "./quintihoratifla01horagoog_0214.png"; bbox 0 0 3450 5667; ppageno 0'>
   <div class='ocr_carea' id='block_1_1' title="bbox 694 669 1082 744">
    <p class='ocr_par' dir='ltr' id='par_1_1' title="bbox 694 669 1082 744">
     <span class='ocr_line' id='line_1_1' title="bbox 694 669 1082 744; baseline 0.003 -15"><span class='ocrx_word' id='word_1_1' title='bbox 694 669 727 744; x_wconf 81' lang='lat' dir='ltr'>o.</span> <span class='ocrx_word' id='word_1_2' title='bbox 756 671 913 732; x_wconf 76' lang='lat' dir='ltr'>eoam</span> <span class='ocrx_word' id='word_1_3' title='bbox 937 671 1082 730; x_wconf 61' lang='lat' dir='ltr'>rancor</span> 
     </span>
    </p>
   </div>
   <div class='ocr_carea' id='block_1_2' title="bbox 278 831 1610 4556">
    <p class='ocr_par' dir='ltr' id='par_1_2' title="bbox 489 831 1273 920">
     <span class='ocr_line' id='line_1_2' title="bbox 489 831 1273 920; baseline 0.003 -22"><span class='ocrx_word' id='word_1_4' title='bbox 489 831 591 898; x_wconf 81' lang='lat' dir='ltr'>Latus</span> <span class='ocrx_word' id='word_1_5' title='bbox 605 839 644 898; x_wconf 90' lang='lat' dir='ltr'>ut</span> <span class='ocrx_word' id='word_1_6' title='bbox 657 834 693 898; x_wconf 91' lang='lat' dir='ltr'>iu</span> <span class='ocrx_word' id='word_1_7' title='bbox 708 835 802 901; x_wconf 86' lang='lat' dir='ltr'>Circo</span> <span class='ocrx_word' id='word_1_8' title='bbox 817 836 952 920; x_wconf 86' lang='lat' dir='ltr'>spatiere</span> <span class='ocrx_word' id='word_1_9' title='bbox 966 845 1000 900; x_wconf 92' lang='lat' dir='ltr'>et</span> <span class='ocrx_word' id='word_1_10' title='bbox 1014 839 1132 899; x_wconf 67' lang='lat' dir='ltr'>aeneus</span> <span class='ocrx_word' id='word_1_11' title='bbox 1146 841 1185 898; x_wconf 92' lang='lat' dir='ltr'>ut</span> <span class='ocrx_word' id='word_1_12' title='bbox 1198 843 1273 913; x_wconf 85' lang='lat' dir='ltr'>stes,</span> 
     </span>
    </p>

    <p class='ocr_par' dir='ltr' id='par_1_3' title="bbox 488 942 1314 1029">
     <span class='ocr_line' id='line_1_3' title="bbox 488 942 1314 1029; baseline 0 -21"><span class='ocrx_word' id='word_1_13' title='bbox 488 942 605 1008; x_wconf 90' lang='lat' dir='ltr'>Nudus</span> <span class='ocrx_word' id='word_1_14' title='bbox 619 945 714 1028; x_wconf 86' lang='lat' dir='ltr'>agris,</span> <span class='ocrx_word' id='word_1_15' title='bbox 729 945 835 1009; x_wconf 84' lang='lat' dir='ltr'>nudus&#39;</span> <span class='ocrx_word' id='word_1_16' title='bbox 850 944 1001 1024; x_wconf 90' lang='lat' dir='ltr'>nummis,</span> <span class='ocrx_word' id='word_1_17' title='bbox 1016 946 1137 1024; x_wconf 90' lang='lat' dir='ltr'>insane,</span> <span class='ocrx_word' id='word_1_18' title='bbox 1153 945 1314 1029; x_wconf 81' lang='lat' dir='ltr'>paternis3</span> 
     </span>
    </p>

    <p class='ocr_par' dir='ltr' id='par_1_4' title="bbox 489 1054 1490 1140">
     <span class='ocr_line' id='line_1_4' title="bbox 489 1054 1490 1140; baseline 0.002 -22"><span class='ocrx_word' id='word_1_19' title='bbox 489 1054 618 1118; x_wconf 90' lang='lat' dir='ltr'>Scilicet</span> <span class='ocrx_word' id='word_1_20' title='bbox 633 1062 671 1118; x_wconf 91' lang='lat' dir='ltr'>ut</span> <span class='ocrx_word' id='word_1_21' title='bbox 686 1056 824 1139; x_wconf 76' lang='lat' dir='ltr'>plausus,</span> <span class='ocrx_word' id='word_1_22' title='bbox 841 1077 921 1139; x_wconf 88' lang='lat' dir='ltr'>quos</span> <span class='ocrx_word' id='word_1_23' title='bbox 935 1056 999 1120; x_wconf 78' lang='lat' dir='ltr'>fert</span> <span class='ocrx_word' id='word_1_24' title='bbox 1013 1056 1167 1140; x_wconf 77' lang='lat' dir='ltr'>Agrippa,</span> <span class='ocrx_word' id='word_1_25' title='bbox 1182 1056 1267 1119; x_wconf 82' lang='lat' dir='ltr'>feras</span> <span class='ocrx_word' id='word_1_26' title='bbox 1286 1062 1335 1132; x_wconf 88' lang='lat' dir='ltr'>tu,</span> <span class='ocrx_word' id='word_1_27' title='bbox 1425 1058 1490 1120; x_wconf 83' lang='lat'>185</span> 
     </span>
    </p>

    <p class='ocr_par' dir='ltr' id='par_1_5' title="bbox 487 1165 1212 1251">
     <span class='ocr_line' id='line_1_5' title="bbox 487 1165 1212 1251; baseline 0.004 -23"><span class='ocrx_word' id='word_1_28' title='bbox 487 1167 608 1229; x_wconf 87' lang='lat' dir='ltr'>Astuta</span> <span class='ocrx_word' id='word_1_29' title='bbox 622 1165 800 1250; x_wconf 85' lang='lat' dir='ltr'>ingenuum</span> <span class='ocrx_word' id='word_1_30' title='bbox 815 1168 922 1251; x_wconf 88' lang='lat' dir='ltr'>volpes</span> <span class='ocrx_word' id='word_1_31' title='bbox 936 1167 1062 1230; x_wconf 88' lang='lat' dir='ltr'>imitata</span> <span class='ocrx_word' id='word_1_32' title='bbox 1076 1167 1212 1231; x_wconf 88' lang='lat' dir='ltr'>leonem.</span> 
     </span>
    </p>

    <p class='ocr_par' dir='ltr' id='par_1_6' title="bbox 488 1276 1383 1360">
     <span class='ocr_line' id='line_1_6' title="bbox 488 1276 1383 1360; baseline 0 -21"><span class='ocrx_word' id='word_1_33' title='bbox 488 1276 541 1341; x_wconf 92' lang='lat' dir='ltr'>Ne</span> <span class='ocrx_word' id='word_1_34' title='bbox 556 1277 627 1360; x_wconf 88' lang='lat' dir='ltr'>quis</span> <span class='ocrx_word' id='word_1_35' title='bbox 641 1277 791 1342; x_wconf 77' lang='lat' dir='ltr'>humasse</span> <span class='ocrx_word' id='word_1_36' title='bbox 804 1277 882 1342; x_wconf 83' lang='lat' dir='ltr'>velit</span> <span class='ocrx_word' id='word_1_37' title='bbox 896 1277 1041 1360; x_wconf 89' lang='lat' dir='ltr'>Ajacem,</span> <span class='ocrx_word' id='word_1_38' title='bbox 1057 1277 1184 1356; x_wconf 80' lang='lat' dir='ltr'><strong>Atrida,</strong></span> <span class='ocrx_word' id='word_1_39' title='bbox 1198 1283 1288 1340; x_wconf 81' lang='lat' dir='ltr'>vetas</span> <span class='ocrx_word' id='word_1_40' title='bbox 1302 1277 1383 1340; x_wconf 87' lang='lat' dir='ltr'>cur?</span> 
     </span>
    </p>

    <p class='ocr_par' dir='ltr' id='par_1_7' title="bbox 489 1387 1377 1470">
     <span class='ocr_line' id='line_1_7' title="bbox 489 1387 1377 1470; baseline -0.003 -18"><span class='ocrx_word' id='word_1_41' title='bbox 489 1389 559 1452; x_wconf 83' lang='lat' dir='ltr'>Rex</span> <span class='ocrx_word' id='word_1_42' title='bbox 574 1409 656 1452; x_wconf 90' lang='lat' dir='ltr'>sum.</span> <span class='ocrx_word' id='word_1_43' title='bbox 701 1388 762 1451; x_wconf 92' lang='lat' dir='ltr'>Nil</span> <span class='ocrx_word' id='word_1_44' title='bbox 775 1388 860 1451; x_wconf 91' lang='lat' dir='ltr'>ultra</span> <span class='ocrx_word' id='word_1_45' title='bbox 875 1407 983 1470; x_wconf 77' lang='lat' dir='ltr'>quaero</span> <span class='ocrx_word' id='word_1_46' title='bbox 998 1387 1149 1470; x_wconf 89' lang='lat' dir='ltr'>plebeius.</span> <span class='ocrx_word' id='word_1_47' title='bbox 1194 1389 1239 1450; x_wconf 89' lang='lat' dir='ltr'>Et</span> <span class='ocrx_word' id='word_1_48' title='bbox 1252 1407 1377 1469; x_wconf 71' lang='lat' dir='ltr'>aequam</span> 
     </span>
    </p>

    <p class='ocr_par' dir='ltr' id='par_1_8' title="bbox 490 1497 1379 1582">
     <span class='ocr_line' id='line_1_8' title="bbox 490 1497 1379 1582; baseline -0.001 -21"><span class='ocrx_word' id='word_1_49' title='bbox 490 1501 572 1562; x_wconf 88' lang='lat' dir='ltr'>Rem</span> <span class='ocrx_word' id='word_1_50' title='bbox 587 1497 735 1582; x_wconf 87' lang='lat' dir='ltr'>imperito</span> <span class='ocrx_word' id='word_1_51' title='bbox 747 1523 757 1576; x_wconf 84' lang='lat'>;</span> <span class='ocrx_word' id='word_1_52' title='bbox 781 1497 859 1561; x_wconf 90' lang='lat' dir='ltr'>acsi</span> <span class='ocrx_word' id='word_1_53' title='bbox 874 1497 927 1561; x_wconf 90' lang='lat' dir='ltr'>cui</span> <span class='ocrx_word' id='word_1_54' title='bbox 940 1497 1049 1562; x_wconf 78' lang='lat' dir='ltr'>videor</span> <span class='ocrx_word' id='word_1_55' title='bbox 1061 1519 1128 1562; x_wconf 91' lang='lat' dir='ltr'>non</span> <span class='ocrx_word' id='word_1_56' title='bbox 1139 1497 1259 1580; x_wconf 88' lang='lat' dir='ltr'>justus,</span> <span class='ocrx_word' id='word_1_57' title='bbox 1274 1497 1379 1560; x_wconf 87' lang='lat' dir='ltr'>inulto</span> 
     </span>
    </p>

    <p class='ocr_par' dir='ltr' id='par_1_9' title="bbox 489 1607 1493 1692">
     <span class='ocr_line' id='line_1_9' title="bbox 489 1607 1493 1692; baseline -0.002 -18"><span class='ocrx_word' id='word_1_58' title='bbox 489 1609 605 1674; x_wconf 82' lang='lat' dir='ltr'>Dicere</span> <span class='ocrx_word' id='word_1_59' title='bbox 621 1609 706 1692; x_wconf 93' lang='lat' dir='ltr'>quod</span> <span class='ocrx_word' id='word_1_60' title='bbox 721 1609 818 1672; x_wconf 79' lang='lat' dir='ltr'><strong>sentit</strong></span> <span class='ocrx_word' id='word_1_61' title='bbox 833 1607 996 1691; x_wconf 83' lang='lat' dir='ltr'>permitto.</span> <span class='ocrx_word' id='word_1_62' title='bbox 1042 1607 1186 1671; x_wconf 82' lang='lat' dir='ltr'>Maxime</span> <span class='ocrx_word' id='word_1_63' title='bbox 1200 1629 1325 1690; x_wconf 78' lang='lat' dir='ltr'>regum,</span> <span class='ocrx_word' id='word_1_64' title='bbox 1426 1611 1493 1672; x_wconf 90' lang='lat'>190</span> 
     </span>
    </p>

    <p class='ocr_par' dir='ltr' id='par_1_10' title="bbox 490 1717 1263 1802">
     <span class='ocr_line' id='line_1_10' title="bbox 490 1717 1263 1802; baseline -0.004 -19"><span class='ocrx_word' id='word_1_65' title='bbox 490 1719 534 1783; x_wconf 91' lang='lat' dir='ltr'>Di</span> <span class='ocrx_word' id='word_1_66' title='bbox 548 1719 608 1782; x_wconf 90' lang='lat' dir='ltr'>tibi</span> <span class='ocrx_word' id='word_1_67' title='bbox 624 1719 702 1782; x_wconf 91' lang='lat' dir='ltr'>dent</span> <span class='ocrx_word' id='word_1_68' title='bbox 717 1725 810 1802; x_wconf 91' lang='lat' dir='ltr'>capta</span> <span class='ocrx_word' id='word_1_69' title='bbox 825 1718 959 1781; x_wconf 76' lang='lat' dir='ltr'>classem</span> <span class='ocrx_word' id='word_1_70' title='bbox 974 1717 1130 1780; x_wconf 76' lang='lat' dir='ltr'>deducere</span> <span class='ocrx_word' id='word_1_71' title='bbox 1145 1717 1263 1801; x_wconf 78' lang='lat' dir='ltr'>ijs!</span> 
     </span>
    </p>

    <p class='ocr_par' dir='ltr' id='par_1_11' title="bbox 489 1826 1247 1911">
     <span class='ocr_line' id='line_1_11' title="bbox 489 1826 1247 1911; baseline -0.003 -20"><span class='ocrx_word' id='word_1_72' title='bbox 489 1829 576 1911; x_wconf 81' lang='lat' dir='ltr'>Ergo</span> <span class='ocrx_word' id='word_1_73' title='bbox 591 1827 756 1892; x_wconf 88' lang='lat' dir='ltr'>consulere</span> <span class='ocrx_word' id='word_1_74' title='bbox 771 1835 803 1890; x_wconf 90' lang='lat' dir='ltr'>et</span> <span class='ocrx_word' id='word_1_75' title='bbox 818 1847 893 1890; x_wconf 83' lang='lat' dir='ltr'>mox</span> <span class='ocrx_word' id='word_1_76' title='bbox 909 1826 1098 1910; x_wconf 87' lang='lat' dir='ltr'>respondere</span> <span class='ocrx_word' id='word_1_77' title='bbox 1111 1827 1247 1890; x_wconf 83' lang='lat' dir='ltr'>licebit?</span> 
     </span>
    </p>

    <p class='ocr_par' dir='ltr' id='par_1_12' title="bbox 490 1935 1352 2019">
     <span class='ocr_line' id='line_1_12' title="bbox 490 1935 1352 2019; baseline -0.007 -15"><span class='ocrx_word' id='word_1_78' title='bbox 490 1937 639 2004; x_wconf 79' lang='lat' dir='ltr'>Consule.</span> <span class='ocrx_word' id='word_1_79' title='bbox 685 1937 752 2000; x_wconf 89' lang='lat' dir='ltr'>Cur</span> <span class='ocrx_word' id='word_1_80' title='bbox 766 1935 862 2019; x_wconf 84' lang='lat' dir='ltr'>Ajax,</span> <span class='ocrx_word' id='word_1_81' title='bbox 877 1935 973 2000; x_wconf 91' lang='lat' dir='ltr'>beros</span> <span class='ocrx_word' id='word_1_82' title='bbox 987 1935 1027 2000; x_wconf 93' lang='lat' dir='ltr'>ab</span> <span class='ocrx_word' id='word_1_83' title='bbox 1041 1935 1170 1999; x_wconf 86' lang='lat' dir='ltr'>Achille</span> <span class='ocrx_word' id='word_1_84' title='bbox 1184 1935 1352 2014; x_wconf 85' lang='lat' dir='ltr'>secundus,</span> 
     </span>
    </p>

    <p class='ocr_par' dir='ltr' id='par_1_13' title="bbox 490 2046 1202 2126">
     <span class='ocr_line' id='line_1_13' title="bbox 490 2046 1202 2126; baseline -0.007 -14"><span class='ocrx_word' id='word_1_85' title='bbox 490 2047 644 2126; x_wconf 88' lang='lat' dir='ltr'>Putescit,</span> <span class='ocrx_word' id='word_1_86' title='bbox 660 2047 779 2111; x_wconf 88' lang='lat' dir='ltr'>totiens</span> <span class='ocrx_word' id='word_1_87' title='bbox 794 2046 926 2110; x_wconf 87' lang='lat' dir='ltr'>servatis</span> <span class='ocrx_word' id='word_1_88' title='bbox 942 2047 1046 2111; x_wconf 85' lang='lat' dir='ltr'>clarus</span> <span class='ocrx_word' id='word_1_89' title='bbox 1060 2046 1202 2124; x_wconf 80' lang='lat' dir='ltr'>Achiris,</span> 
     </span>
    </p>

    <p class='ocr_par' dir='ltr' id='par_1_14' title="bbox 491 2156 1489 2258">
     <span class='ocr_line' id='line_1_14' title="bbox 491 2156 1489 2258; baseline -0.002 -36"><span class='ocrx_word' id='word_1_90' title='bbox 491 2157 639 2222; x_wconf 89' lang='lat' dir='ltr'>Gaudeat</span> <span class='ocrx_word' id='word_1_91' title='bbox 654 2165 692 2220; x_wconf 95' lang='lat' dir='ltr'>ut</span> <span class='ocrx_word' id='word_1_92' title='bbox 707 2158 843 2242; x_wconf 90' lang='lat' dir='ltr'>populus</span> <span class='ocrx_word' id='word_1_93' title='bbox 858 2156 980 2222; x_wconf 90' lang='lat' dir='ltr'>Priami</span> <span class='ocrx_word' id='word_1_94' title='bbox 995 2157 1206 2240; x_wconf 87' lang='lat' dir='ltr'>Priamusque</span> <span class='ocrx_word' id='word_1_95' title='bbox 1220 2157 1399 2258; x_wconf 74' lang='lat' dir='ltr'>inhumato,</span> <span class='ocrx_word' id='word_1_96' title='bbox 1426 2161 1489 2222; x_wconf 81' lang='lat'>195</span> 
     </span>
    </p>

    <p class='ocr_par' dir='ltr' id='par_1_15' title="bbox 490 2268 1319 2352">
     <span class='ocr_line' id='line_1_15' title="bbox 490 2268 1319 2352; baseline -0.001 -20"><span class='ocrx_word' id='word_1_97' title='bbox 490 2269 554 2333; x_wconf 91' lang='lat' dir='ltr'>Per</span> <span class='ocrx_word' id='word_1_98' title='bbox 569 2289 664 2352; x_wconf 90' lang='lat' dir='ltr'>quem</span> <span class='ocrx_word' id='word_1_99' title='bbox 679 2277 729 2332; x_wconf 89' lang='lat' dir='ltr'>tot</span> <span class='ocrx_word' id='word_1_100' title='bbox 740 2269 875 2352; x_wconf 88' lang='lat' dir='ltr'>juvenes</span> <span class='ocrx_word' id='word_1_101' title='bbox 890 2268 995 2351; x_wconf 90' lang='lat' dir='ltr'>patrio</span> <span class='ocrx_word' id='word_1_102' title='bbox 1009 2287 1138 2330; x_wconf 90' lang='lat' dir='ltr'>caruere</span> <span class='ocrx_word' id='word_1_103' title='bbox 1153 2268 1319 2352; x_wconf 83' lang='lat' dir='ltr'>sepulcro?</span> 
     </span>
    </p>

    <p class='ocr_par' dir='ltr' id='par_1_16' title="bbox 490 2377 1388 2455">
     <span class='ocr_line' id='line_1_16' title="bbox 490 2377 1388 2455; baseline 0.002 -14"><span class='ocrx_word' id='word_1_104' title='bbox 490 2379 584 2442; x_wconf 91' lang='lat' dir='ltr'>Mille</span> <span class='ocrx_word' id='word_1_105' title='bbox 599 2379 706 2442; x_wconf 90' lang='lat' dir='ltr'>ovium</span> <span class='ocrx_word' id='word_1_106' title='bbox 721 2377 851 2442; x_wconf 87' lang='lat' dir='ltr'>insanus</span> <span class='ocrx_word' id='word_1_107' title='bbox 867 2377 963 2441; x_wconf 82' lang='lat' dir='ltr'>morti</span> <span class='ocrx_word' id='word_1_108' title='bbox 977 2377 1077 2455; x_wconf 83' lang='lat' dir='ltr'>dedit,</span> <span class='ocrx_word' id='word_1_109' title='bbox 1092 2377 1251 2441; x_wconf 90' lang='lat' dir='ltr'>inclutum</span> <span class='ocrx_word' id='word_1_110' title='bbox 1266 2379 1388 2443; x_wconf 86' lang='lat' dir='ltr'>Ulixen</span> 
     </span>
    </p>

    <p class='ocr_par' dir='ltr' id='par_1_17' title="bbox 489 2488 1328 2554">
     <span class='ocr_line' id='line_1_17' title="bbox 489 2488 1328 2554; baseline 0.001 -2"><span class='ocrx_word' id='word_1_111' title='bbox 489 2491 533 2552; x_wconf 87' lang='lat' dir='ltr'>Et</span> <span class='ocrx_word' id='word_1_112' title='bbox 548 2489 735 2553; x_wconf 77' lang='lat' dir='ltr'>Menelaum</span> <span class='ocrx_word' id='word_1_113' title='bbox 750 2509 816 2552; x_wconf 89' lang='lat' dir='ltr'>uua</span> <span class='ocrx_word' id='word_1_114' title='bbox 830 2508 958 2552; x_wconf 90' lang='lat' dir='ltr'>mecum</span> <span class='ocrx_word' id='word_1_115' title='bbox 972 2509 1007 2551; x_wconf 93' lang='lat' dir='ltr'>se</span> <span class='ocrx_word' id='word_1_116' title='bbox 1021 2488 1164 2553; x_wconf 90' lang='lat' dir='ltr'>occidere</span> <span class='ocrx_word' id='word_1_117' title='bbox 1178 2489 1328 2554; x_wconf 89' lang='lat' dir='ltr'>clamans.</span> 
     </span>
    </p>

    <p class='ocr_par' dir='ltr' id='par_1_18' title="bbox 489 2597 1343 2684">
     <span class='ocr_line' id='line_1_18' title="bbox 489 2597 1343 2684; baseline -0.002 -20"><span class='ocrx_word' id='word_1_118' title='bbox 489 2601 539 2664; x_wconf 82' lang='lat' dir='ltr'>&#39;Pu</span> <span class='ocrx_word' id='word_1_119' title='bbox 554 2621 629 2664; x_wconf 87' lang='lat' dir='ltr'>eum</span> <span class='ocrx_word' id='word_1_120' title='bbox 644 2621 701 2684; x_wconf 89' lang='lat' dir='ltr'>pro</span> <span class='ocrx_word' id='word_1_121' title='bbox 715 2599 816 2662; x_wconf 83' lang='lat' dir='ltr'>vitula</span> <span class='ocrx_word' id='word_1_122' title='bbox 830 2598 947 2662; x_wconf 77' lang='lat' dir='ltr'>statuis</span> <span class='ocrx_word' id='word_1_123' title='bbox 961 2597 1088 2662; x_wconf 87' lang='lat' dir='ltr'>dulcem</span> <span class='ocrx_word' id='word_1_124' title='bbox 1102 2599 1221 2664; x_wconf 82' lang='lat' dir='ltr'>Aulide</span> <span class='ocrx_word' id='word_1_125' title='bbox 1234 2609 1343 2662; x_wconf 88' lang='lat' dir='ltr'>natam</span> 
     </span>
    </p>

    <p class='ocr_par' dir='ltr' id='par_1_19' title="bbox 489 2706 1493 2793">
     <span class='ocr_line' id='line_1_19' title="bbox 489 2706 1493 2793; baseline 0 -20"><span class='ocrx_word' id='word_1_126' title='bbox 489 2713 576 2774; x_wconf 87' lang='lat' dir='ltr'>Ante</span> <span class='ocrx_word' id='word_1_127' title='bbox 592 2731 662 2772; x_wconf 88' lang='lat' dir='ltr'>aras</span> <span class='ocrx_word' id='word_1_128' title='bbox 676 2706 859 2793; x_wconf 84' lang='lat' dir='ltr'>spargisque</span> <span class='ocrx_word' id='word_1_129' title='bbox 875 2708 960 2771; x_wconf 91' lang='lat' dir='ltr'>mola</span> <span class='ocrx_word' id='word_1_130' title='bbox 974 2716 1080 2791; x_wconf 93' lang='lat' dir='ltr'>caput,</span> <span class='ocrx_word' id='word_1_131' title='bbox 1096 2707 1250 2791; x_wconf 87' lang='lat' dir='ltr'>improbe,</span> <span class='ocrx_word' id='word_1_132' title='bbox 1265 2708 1358 2786; x_wconf 86' lang='lat' dir='ltr'>salsa,</span> <span class='ocrx_word' id='word_1_133' title='bbox 1425 2711 1493 2773; x_wconf 80' lang='lat'>200</span> 
     </span>
    </p>

    <p class='ocr_par' dir='ltr' id='par_1_20' title="bbox 491 2818 1492 2901">
     <span class='ocr_line' id='line_1_20' title="bbox 491 2818 1492 2901; baseline -0.001 -17"><span class='ocrx_word' id='word_1_134' title='bbox 491 2823 628 2884; x_wconf 81' lang='lat' dir='ltr'>Rectum</span> <span class='ocrx_word' id='word_1_135' title='bbox 644 2819 744 2882; x_wconf 89' lang='lat' dir='ltr'>animi</span> <span class='ocrx_word' id='word_1_136' title='bbox 757 2819 888 2884; x_wconf 82' lang='lat' dir='ltr'>servas?</span> <span class='ocrx_word' id='word_1_137' title='bbox 934 2818 1121 2886; x_wconf 83' lang='lat' dir='ltr'>Quorsum?</span> <span class='ocrx_word' id='word_1_138' title='bbox 1165 2819 1304 2883; x_wconf 81' lang='lat' dir='ltr'>Imauus</span> <span class='ocrx_word' id='word_1_139' title='bbox 1315 2818 1394 2901; x_wconf 88' lang='lat' dir='ltr'>quid</span> <span class='ocrx_word' id='word_1_140' title='bbox 1403 2821 1492 2883; x_wconf 90' lang='lat' dir='ltr'>enim</span> 
     </span>
    </p>

    <p class='ocr_par' dir='ltr' id='par_1_21' title="bbox 662 2931 747 3014">
     <span class='ocr_line' id='line_1_21' title="bbox 662 2931 747 3014; baseline 0 -19"><span class='ocrx_word' id='word_1_141' title='bbox 662 2931 747 3014; x_wconf 87' lang='lat' dir='ltr'>Ajax</span> 
     </span>
    </p>

    <p class='ocr_par' dir='ltr' id='par_1_22' title="bbox 490 3039 1335 3125">
     <span class='ocr_line' id='line_1_22' title="bbox 490 3039 1335 3125; baseline -0.004 -19"><span class='ocrx_word' id='word_1_142' title='bbox 490 3041 591 3120; x_wconf 81' lang='lat' dir='ltr'>Fecit,</span> <span class='ocrx_word' id='word_1_143' title='bbox 606 3061 680 3106; x_wconf 91' lang='lat' dir='ltr'>cum</span> <span class='ocrx_word' id='word_1_144' title='bbox 696 3041 810 3105; x_wconf 88' lang='lat' dir='ltr'>stravit</span> <span class='ocrx_word' id='word_1_145' title='bbox 823 3041 908 3106; x_wconf 83' lang='lat' dir='ltr'>ferro</span> <span class='ocrx_word' id='word_1_146' title='bbox 922 3041 1043 3125; x_wconf 83' lang='lat' dir='ltr'>pecus?</span> <span class='ocrx_word' id='word_1_147' title='bbox 1090 3039 1256 3105; x_wconf 89' lang='lat' dir='ltr'>Abstinuit</span> <span class='ocrx_word' id='word_1_148' title='bbox 1269 3041 1335 3103; x_wconf 88' lang='lat' dir='ltr'>vim</span> 
     </span>
    </p>

    <p class='ocr_par' dir='ltr' id='par_1_23' title="bbox 490 3130 1313 3236">
     <span class='ocr_line' id='line_1_23' title="bbox 490 3130 1313 3236; baseline -0.001 -20"><span class='ocrx_word' id='word_1_149' title='bbox 490 3153 598 3216; x_wconf 83' lang='lat' dir='ltr'>Uxore</span> <span class='ocrx_word' id='word_1_150' title='bbox 613 3158 646 3215; x_wconf 87' lang='lat' dir='ltr'>et</span> <span class='ocrx_word' id='word_1_151' title='bbox 662 3159 779 3235; x_wconf 85' lang='lat' dir='ltr'>gnato:</span> <span class='ocrx_word' id='word_1_152' title='bbox 804 3153 890 3216; x_wconf 87' lang='lat' dir='ltr'>mala</span> <span class='ocrx_word' id='word_1_153' title='bbox 902 3130 1007 3215; x_wconf 71' lang='lat' dir='ltr'>mulla</span> <span class='ocrx_word' id='word_1_154' title='bbox 1020 3159 1166 3236; x_wconf 84' lang='lat' dir='ltr'>precatus</span> <span class='ocrx_word' id='word_1_155' title='bbox 1180 3152 1313 3229; x_wconf 86' lang='lat' dir='ltr'>Atridis,</span> 
     </span>
    </p>

    <p class='ocr_par' dir='ltr' id='par_1_24' title="bbox 488 3261 1357 3345">
     <span class='ocr_line' id='line_1_24' title="bbox 488 3261 1357 3345; baseline 0.002 -21"><span class='ocrx_word' id='word_1_156' title='bbox 488 3261 566 3326; x_wconf 91' lang='lat' dir='ltr'>Nou</span> <span class='ocrx_word' id='word_1_157' title='bbox 581 3261 635 3326; x_wconf 91' lang='lat' dir='ltr'>ille</span> <span class='ocrx_word' id='word_1_158' title='bbox 650 3270 706 3325; x_wconf 91' lang='lat' dir='ltr'>aut</span> <span class='ocrx_word' id='word_1_159' title='bbox 720 3263 880 3326; x_wconf 81' lang='lat' dir='ltr'>Teucrum</span> <span class='ocrx_word' id='word_1_160' title='bbox 894 3270 951 3325; x_wconf 94' lang='lat' dir='ltr'>aut</span> <span class='ocrx_word' id='word_1_161' title='bbox 965 3262 1070 3345; x_wconf 92' lang='lat' dir='ltr'>ipsum</span> <span class='ocrx_word' id='word_1_162' title='bbox 1084 3261 1214 3324; x_wconf 85' lang='lat' dir='ltr'>violavit</span> <span class='ocrx_word' id='word_1_163' title='bbox 1228 3262 1357 3327; x_wconf 83' lang='lat' dir='ltr'>Ulixen.</span> 
     </span>
    </p>

    <p class='ocr_par' dir='ltr' id='par_1_25' title="bbox 278 3371 1492 3586">
     <span class='ocr_line' id='line_1_25' title="bbox 488 3371 1492 3455; baseline -0.001 -19"><span class='ocrx_word' id='word_1_164' title='bbox 488 3373 612 3436; x_wconf 88' lang='lat' dir='ltr'>Verum</span> <span class='ocrx_word' id='word_1_165' title='bbox 628 3393 697 3455; x_wconf 88' lang='lat' dir='ltr'>ego,</span> <span class='ocrx_word' id='word_1_166' title='bbox 714 3379 752 3436; x_wconf 90' lang='lat' dir='ltr'>ut</span> <span class='ocrx_word' id='word_1_167' title='bbox 765 3373 925 3436; x_wconf 86' lang='lat' dir='ltr'>haereutes</span> <span class='ocrx_word' id='word_1_168' title='bbox 939 3371 1071 3435; x_wconf 86' lang='lat' dir='ltr'>adverso</span> <span class='ocrx_word' id='word_1_169' title='bbox 1084 3371 1179 3436; x_wconf 82' lang='lat' dir='ltr'>litore</span> <span class='ocrx_word' id='word_1_170' title='bbox 1193 3393 1289 3436; x_wconf 83' lang='lat' dir='ltr'>naves</span> <span class='ocrx_word' id='word_1_171' title='bbox 1425 3376 1492 3437; x_wconf 78' lang='lat'>205</span> 
     </span>
     <span class='ocr_line' id='line_1_26' title="bbox 278 3481 1242 3586; baseline 0.006 -45"><span class='ocrx_word' id='word_1_172' title='bbox 278 3509 328 3549; x_wconf 68' lang='lat' dir='ltr'>pru.</span> <span class='ocrx_word' id='word_1_173' title='bbox 339 3497 362 3586; x_wconf 56' lang='lat'>⁵}</span> <span class='ocrx_word' id='word_1_174' title='bbox 371 3497 429 3586; x_wconf 37' lang='lat'>1213.</span> <span class='ocrx_word' id='word_1_175' title='bbox 438 3499 470 3586; x_wconf 54' lang='grc' dir='ltr'>ξιξ</span> <span class='ocrx_word' id='word_1_176' title='bbox 490 3483 664 3566; x_wconf 90' lang='lat' dir='ltr'>Eriperem,</span> <span class='ocrx_word' id='word_1_177' title='bbox 681 3481 822 3565; x_wconf 90' lang='lat' dir='ltr'>prudens</span> <span class='ocrx_word' id='word_1_178' title='bbox 837 3481 958 3566; x_wconf 83' lang='lat' dir='ltr'>placavi</span> <span class='ocrx_word' id='word_1_179' title='bbox 972 3482 1128 3565; x_wconf 74' lang='lat' dir='ltr'>sangiune</span> <span class='ocrx_word' id='word_1_180' title='bbox 1143 3483 1242 3547; x_wconf 89' lang='lat' dir='ltr'>divos.</span> 
     </span>
    </p>

    <p class='ocr_par' dir='ltr' id='par_1_26' title="bbox 489 3591 1293 3675">
     <span class='ocr_line' id='line_1_27' title="bbox 489 3591 1293 3675; baseline 0.006 -21"><span class='ocrx_word' id='word_1_181' title='bbox 489 3591 616 3675; x_wconf 89' lang='lat' dir='ltr'>Nempe</span> <span class='ocrx_word' id='word_1_182' title='bbox 633 3599 701 3670; x_wconf 90' lang='lat' dir='ltr'>tuo,</span> <span class='ocrx_word' id='word_1_183' title='bbox 716 3593 844 3656; x_wconf 83' lang='lat' dir='ltr'>furiose.</span> <span class='ocrx_word' id='word_1_184' title='bbox 890 3594 978 3670; x_wconf 89' lang='lat' dir='ltr'>Meo,</span> <span class='ocrx_word' id='word_1_185' title='bbox 995 3591 1131 3656; x_wconf 88' lang='lat' dir='ltr'>sednon</span> <span class='ocrx_word' id='word_1_186' title='bbox 1144 3592 1293 3658; x_wconf 85' lang='lat' dir='ltr'>furiosus.</span> 
     </span>
    </p>

    <p class='ocr_par' dir='ltr' id='par_1_27' title="bbox 491 3701 1244 3787">
     <span class='ocr_line' id='line_1_28' title="bbox 491 3701 1244 3787; baseline -0.003 -18"><span class='ocrx_word' id='word_1_187' title='bbox 491 3703 558 3770; x_wconf 80' lang='lat' dir='ltr'>Qui</span> <span class='ocrx_word' id='word_1_188' title='bbox 572 3703 692 3787; x_wconf 88' lang='lat' dir='ltr'>species</span> <span class='ocrx_word' id='word_1_189' title='bbox 707 3701 785 3766; x_wconf 90' lang='lat' dir='ltr'>alias</span> <span class='ocrx_word' id='word_1_190' title='bbox 799 3702 882 3766; x_wconf 90' lang='lat' dir='ltr'>veris</span> <span class='ocrx_word' id='word_1_191' title='bbox 897 3702 1084 3785; x_wconf 88' lang='lat' dir='ltr'>scelerisque</span> <span class='ocrx_word' id='word_1_192' title='bbox 1098 3705 1244 3768; x_wconf 87' lang='lat' dir='ltr'>tumultu</span> 
     </span>
    </p>

    <p class='ocr_par' dir='ltr' id='par_1_28' title="bbox 491 3813 1323 3899">
     <span class='ocr_line' id='line_1_29' title="bbox 491 3813 1323 3899; baseline -0.001 -20"><span class='ocrx_word' id='word_1_193' title='bbox 491 3814 670 3879; x_wconf 87' lang='lat' dir='ltr'>Permixtas</span> <span class='ocrx_word' id='word_1_194' title='bbox 684 3813 798 3897; x_wconf 89' lang='lat' dir='ltr'>capiet,</span> <span class='ocrx_word' id='word_1_195' title='bbox 815 3819 995 3876; x_wconf 90' lang='lat' dir='ltr'>commotus</span> <span class='ocrx_word' id='word_1_196' title='bbox 1008 3813 1182 3878; x_wconf 90' lang='lat' dir='ltr'>habebitur</span> <span class='ocrx_word' id='word_1_197' title='bbox 1195 3841 1203 3890; x_wconf 90' lang='lat'>;</span> <span class='ocrx_word' id='word_1_198' title='bbox 1227 3822 1323 3899; x_wconf 87' lang='lat' dir='ltr'>atque</span> 
     </span>
    </p>

    <p class='ocr_par' dir='ltr' id='par_1_29' title="bbox 492 3923 1610 4002">
     <span class='ocr_line' id='line_1_30' title="bbox 492 3923 1610 4002; baseline 0.003 -13"><span class='ocrx_word' id='word_1_199' title='bbox 492 3925 679 3989; x_wconf 88' lang='lat' dir='ltr'>Stultitiane</span> <span class='ocrx_word' id='word_1_200' title='bbox 693 3931 789 4000; x_wconf 86' lang='lat' dir='ltr'>erret,</span> <span class='ocrx_word' id='word_1_201' title='bbox 803 3923 942 3986; x_wconf 91' lang='lat' dir='ltr'>nihilum</span> <span class='ocrx_word' id='word_1_202' title='bbox 956 3923 1098 4002; x_wconf 89' lang='lat' dir='ltr'>distabit,</span> <span class='ocrx_word' id='word_1_203' title='bbox 1114 3947 1156 3988; x_wconf 90' lang='lat' dir='ltr'>an</span> <span class='ocrx_word' id='word_1_204' title='bbox 1170 3924 1238 3990; x_wconf 89' lang='lat' dir='ltr'>ira:</span> <span class='ocrx_word' id='word_1_205' title='bbox 1425 3932 1494 3992; x_wconf 79' lang='lat'>210</span> <span class='ocrx_word' id='word_1_206' title='bbox 1609 3934 1610 3941; x_wconf 75' lang='grc'>’</span> 
     </span>
    </p>

    <p class='ocr_par' dir='ltr' id='par_1_30' title="bbox 489 4035 1271 4120">
     <span class='ocr_line' id='line_1_31' title="bbox 489 4035 1271 4120; baseline -0.001 -19"><span class='ocrx_word' id='word_1_207' title='bbox 489 4037 573 4120; x_wconf 88' lang='lat' dir='ltr'>Ajax</span> <span class='ocrx_word' id='word_1_208' title='bbox 589 4057 663 4100; x_wconf 86' lang='lat' dir='ltr'>curu</span> <span class='ocrx_word' id='word_1_209' title='bbox 677 4035 854 4098; x_wconf 88' lang='lat' dir='ltr'>immeritos</span> <span class='ocrx_word' id='word_1_210' title='bbox 869 4035 996 4114; x_wconf 88' lang='lat' dir='ltr'>occidit,</span> <span class='ocrx_word' id='word_1_211' title='bbox 1010 4036 1135 4120; x_wconf 84' lang='lat' dir='ltr'>desipit,</span> <span class='ocrx_word' id='word_1_212' title='bbox 1152 4059 1271 4119; x_wconf 80' lang='lat' dir='ltr'>agnos3</span> 
     </span>
    </p>

    <p class='ocr_par' dir='ltr' id='par_1_31' title="bbox 490 4145 1323 4230">
     <span class='ocr_line' id='line_1_32' title="bbox 490 4145 1323 4230; baseline -0.004 -18"><span class='ocrx_word' id='word_1_213' title='bbox 490 4149 574 4212; x_wconf 87' lang='lat' dir='ltr'>Cum</span> <span class='ocrx_word' id='word_1_214' title='bbox 589 4147 729 4230; x_wconf 89' lang='lat' dir='ltr'>prudens</span> <span class='ocrx_word' id='word_1_215' title='bbox 744 4145 846 4209; x_wconf 86' lang='lat' dir='ltr'>scelus</span> <span class='ocrx_word' id='word_1_216' title='bbox 860 4145 902 4210; x_wconf 93' lang='lat' dir='ltr'>ob</span> <span class='ocrx_word' id='word_1_217' title='bbox 917 4145 1030 4210; x_wconf 90' lang='lat' dir='ltr'>titulos</span> <span class='ocrx_word' id='word_1_218' title='bbox 1044 4147 1188 4210; x_wconf 84' lang='lat' dir='ltr'>admittis</span> <span class='ocrx_word' id='word_1_219' title='bbox 1202 4148 1323 4224; x_wconf 86' lang='lat' dir='ltr'>inanes,</span> 
     </span>
    </p>

    <p class='ocr_par' dir='ltr' id='par_1_32' title="bbox 493 4257 1607 4341">
     <span class='ocr_line' id='line_1_33' title="bbox 493 4257 1607 4341; baseline 0.003 -19"><span class='ocrx_word' id='word_1_220' title='bbox 493 4259 567 4322; x_wconf 89' lang='lat' dir='ltr'>Stas</span> <span class='ocrx_word' id='word_1_221' title='bbox 582 4257 689 4322; x_wconf 88' lang='lat' dir='ltr'>animo</span> <span class='ocrx_word' id='word_1_222' title='bbox 705 4263 738 4320; x_wconf 91' lang='lat' dir='ltr'>et</span> <span class='ocrx_word' id='word_1_223' title='bbox 753 4278 871 4340; x_wconf 88' lang='lat' dir='ltr'>purum</span> <span class='ocrx_word' id='word_1_224' title='bbox 885 4263 935 4320; x_wconf 87' lang='lat' dir='ltr'>est</span> <span class='ocrx_word' id='word_1_225' title='bbox 949 4257 1027 4322; x_wconf 87' lang='lat' dir='ltr'>vitio</span> <span class='ocrx_word' id='word_1_226' title='bbox 1042 4258 1114 4338; x_wconf 89' lang='lat' dir='ltr'>tibi,</span> <span class='ocrx_word' id='word_1_227' title='bbox 1140 4279 1215 4322; x_wconf 92' lang='lat' dir='ltr'>cum</span> <span class='ocrx_word' id='word_1_228' title='bbox 1241 4258 1404 4322; x_wconf 88' lang='lat' dir='ltr'>tumidum</span> <span class='ocrx_word' id='word_1_229' title='bbox 1430 4273 1493 4341; x_wconf 86' lang='lat' dir='ltr'>cat,</span> <span class='ocrx_word' id='word_1_230' title='bbox 1606 4276 1607 4311; x_wconf 67' lang='lat' dir='ltr'>l</span> 
     </span>
    </p>

    <p class='ocr_par' dir='ltr' id='par_1_33' title="bbox 495 4355 1279 4556">
     <span class='ocr_line' id='line_1_34' title="bbox 665 4355 1183 4424; baseline -0.004 0"><span class='ocrx_word' id='word_1_231' title='bbox 665 4361 742 4424; x_wconf 86' lang='lat' dir='ltr'>cor?</span> <span class='ocrx_word' id='word_1_232' title='bbox 1179 4355 1183 4364; x_wconf 85' lang='lat'>&#39;</span> 
     </span>
     <span class='ocr_line' id='line_1_35' title="bbox 495 4471 1279 4556; baseline 0 -20"><span class='ocrx_word' id='word_1_233' title='bbox 495 4472 530 4536; x_wconf 87' lang='lat' dir='ltr'>Si</span> <span class='ocrx_word' id='word_1_234' title='bbox 545 4471 617 4554; x_wconf 90' lang='lat' dir='ltr'>quis</span> <span class='ocrx_word' id='word_1_235' title='bbox 631 4471 745 4535; x_wconf 85' lang='lat' dir='ltr'>lectica</span> <span class='ocrx_word' id='word_1_236' title='bbox 759 4471 895 4548; x_wconf 83' lang='lat' dir='ltr'>nitidam</span> <span class='ocrx_word' id='word_1_237' title='bbox 910 4479 1037 4555; x_wconf 85' lang='lat' dir='ltr'>gestare</span> <span class='ocrx_word' id='word_1_238' title='bbox 1052 4479 1139 4536; x_wconf 89' lang='lat' dir='ltr'>amet</span> <span class='ocrx_word' id='word_1_239' title='bbox 1151 4494 1279 4556; x_wconf 83' lang='lat' dir='ltr'>agnam,</span> 
     </span>
    </p>
   </div>
   <div class='ocr_carea' id='block_1_3' title="bbox 494 4583 1604 4776">
    <p class='ocr_par' dir='ltr' id='par_1_34' title="bbox 494 4583 1604 4776">
     <span class='ocr_line' id='line_1_36' title="bbox 494 4583 1604 4643; baseline 0.003 -12"><span class='ocrx_word' id='word_1_240' title='bbox 494 4586 550 4632; x_wconf 73' lang='lat' dir='ltr'>lea.</span> <span class='ocrx_word' id='word_1_241' title='bbox 569 4583 956 4643; x_wconf 54' lang='lat' dir='ltr'>rutenenspnalerasent.)</span> <span class='ocrx_word' id='word_1_242' title='bbox 1043 4585 1100 4633; x_wconf 85' lang='grc'><strong>189.</strong></span> <span class='ocrx_word' id='word_1_243' title='bbox 1117 4589 1144 4630; x_wconf 89' lang='lat' dir='ltr'>at</span> <span class='ocrx_word' id='word_1_244' title='bbox 1157 4585 1187 4631; x_wconf 88' lang='lat' dir='ltr'>ai.</span> <span class='ocrx_word' id='word_1_245' title='bbox 1271 4583 1328 4632; x_wconf 87' lang='lat'>191.</span> <span class='ocrx_word' id='word_1_246' title='bbox 1339 4583 1476 4635; x_wconf 77' lang='lat' dir='ltr'>reducere.</span> <span class='ocrx_word' id='word_1_247' title='bbox 1603 4618 1604 4623; x_wconf 57' lang='lat'>=</span> 
     </span>
     <span class='ocr_line' id='line_1_37' title="bbox 528 4647 1460 4710; baseline 0.003 -14"><span class='ocrx_word' id='word_1_248' title='bbox 528 4650 582 4696; x_wconf 80' lang='lat'>194.</span> <span class='ocrx_word' id='word_1_249' title='bbox 600 4651 735 4710; x_wconf 81' lang='lat' dir='ltr'>putrescit.</span> <span class='ocrx_word' id='word_1_250' title='bbox 803 4647 859 4698; x_wconf 86' lang='grc'><strong>197.</strong></span> <span class='ocrx_word' id='word_1_251' title='bbox 877 4649 1012 4709; x_wconf 81' lang='lat' dir='ltr'>inclytum.</span> <span class='ocrx_word' id='word_1_252' title='bbox 1088 4651 1144 4698; x_wconf 80' lang='lat'>212.</span> <span class='ocrx_word' id='word_1_253' title='bbox 1162 4650 1220 4699; x_wconf 80' lang='lat' dir='ltr'>Tu..</span> <span class='ocrx_word' id='word_1_254' title='bbox 1239 4663 1327 4700; x_wconf 87' lang='lat' dir='ltr'>...cum</span> <span class='ocrx_word' id='word_1_255' title='bbox 1338 4649 1460 4699; x_wconf 84' lang='lat' dir='ltr'>admittis</span> 
     </span>
     <span class='ocr_line' id='line_1_38' title="bbox 650 4714 1310 4776; baseline 0.002 -16"><span class='ocrx_word' id='word_1_256' title='bbox 650 4717 732 4772; x_wconf 74' lang='lat' dir='ltr'>(Brut.</span> <span class='ocrx_word' id='word_1_257' title='bbox 745 4717 821 4774; x_wconf 68' lang='lat' dir='ltr'>conj.)</span> <span class='ocrx_word' id='word_1_258' title='bbox 889 4715 947 4762; x_wconf 77' lang='lat'>218.</span> <span class='ocrx_word' id='word_1_259' title='bbox 966 4714 1111 4776; x_wconf 73' lang='lat' dir='ltr'>ipurumst</span> <span class='ocrx_word' id='word_1_260' title='bbox 1119 4735 1127 4772; x_wconf 64' lang='grc' dir='ltr'><strong><em>ς</em></strong></span> <span class='ocrx_word' id='word_1_261' title='bbox 1146 4715 1310 4762; x_wconf 81' lang='lat' dir='ltr'>tumidumst.</span> 
     </span>
    </p>
   </div>
   <div class='ocr_carea' id='block_1_4' title="bbox 0 0 1732 5667">
    <p class='ocr_par' dir='ltr' id='par_1_35' title="bbox 0 0 1732 5667">
     <span class='ocr_line' id='line_1_39' title="bbox 0 0 1732 5667; baseline 0 0"><span class='ocrx_word' id='word_1_262' title='bbox 0 0 1732 5667; x_wconf 95' lang='lat' dir='ltr'> </span> 
     </span>
    </p>
   </div>
  </div>
 </body>
</html>
