3450 5667
468 734 752 794 EPISTULARUM
787 737 866 794 ΜΒ.
896 739 923 796 Ι.
953 738 1001 796 xii.

187 899 374 983 Adspersus
391 899 476 964 volet
490 899 525 962 iu
539 919 683 983 caupona
696 899 823 979 vivere3
845 921 916 981 neo,
933 904 988 987 qui

188 1009 303 1093 Frigus
319 1010 464 1093 collegit,
479 1010 589 1073 furnos
603 1017 637 1073 et
652 1010 764 1074 balnea
777 1011 888 1076 laudat

189 1122 236 1184 Ut
251 1120 457 1184 fortunatam
471 1121 563 1204 plene
578 1121 762 1204 prestantia
775 1123 885 1186 vitem.

157 1235 169 1291 l
190 1229 269 1307 Nec,
285 1229 314 1292 si
329 1237 365 1293 te
381 1229 505 1294 validus
514 1231 683 1314 jactaverit
697 1231 817 1294 Auster
830 1233 867 1296 iu
881 1233 959 1312 alto,
1138 1251 1191 1292 sa.
1202 1251 1222 1291 s.
1234 1253 1252 1292 1.
1263 1251 1310 1292 us

192 1343 316 1407 Idcirco
330 1363 451 1406 navem
465 1351 554 1406 trans
567 1343 717 1426 AEgaeum
732 1364 819 1407 mare
833 1345 961 1408 vendas.

194 1454 355 1518 Incolumi
371 1453 505 1519 Rhodos
519 1460 553 1518 et
567 1452 724 1537 Mytilene
737 1453 871 1538 pulchra
883 1455 971 1534 facit,
986 1457 1073 1540 quod
1139 1467 1205 1516 u-v-
1215 1467 1262 1509 Μ.
1273 1469 1293 1509 ¹.

195 1565 326 1628 Paeuula
339 1563 490 1642 solstitie,
506 1570 681 1647 campestre
695 1562 852 1628 nivalibus
866 1564 963 1643 auris,

198 1675 255 1738 Per
269 1676 421 1740 brumam
436 1674 569 1748 'liberis
588 1673 702 1738 Sextili
716 1693 824 1738 mense
839 1675 994 1740 caminus.

157 1785 178 1844 ,Ο
199 1785 281 1847 Dum
296 1783 375 1848 licet
389 1805 427 1847 ac
440 1783 563 1848 voltum
577 1791 680 1847 servat
695 1783 837 1848 Fortuna
850 1783 1037 1867 benignum,

202 1896 307 1960 Rom
320 1895 474 1960 laudetur
489 1895 601 1958 Samos
616 1901 650 1958 et
664 1893 761 1959 Chios
775 1901 808 1958 et
824 1894 955 1960 Rhodos
968 1895 1091 1961 absens.

199 2005 256 2083 Tu,
271 2024 509 2088 quamcumque
524 2003 601 2067 deus
616 2003 676 2066 tibi
690 2002 900 2068 fortunaverit
914 2004 1037 2084 horam,

203 2117 297 2178 Grata
311 2136 404 2180 sume
418 2135 528 2192 mauu,
544 2135 608 2177 neu
622 2113 727 2178 dulcia
740 2113 832 2177 differ
844 2113 881 2178 in
895 2135 1027 2194 sunum,
1139 2125 1171 2163 ²³·
1181 2114 1205 2151 ⁰·
1215 2115 1262 2201 Ἢ
1272 2112 1312 2202 ξζξ

203 2226 258 2304 Ut,
273 2223 955 2310 quocumquelocofueris‚rixisselibenter
1183 2213 1204 2253 Β·
1213 2217 1232 2253 ²·
1241 2217 1261 2252 ⁰·
1270 2215 1302 2253 ω·

157 2337 183 2393 35
203 2336 243 2397 Te
257 2335 363 2414 dicss5
386 2335 504 2399 namsi
519 2335 600 2398 ratio
615 2341 649 2398 et
662 2334 830 2418 prudentia
844 2356 938 2399 curas

205 2446 274 2507 Nou
286 2445 377 2510 locus
391 2445 483 2510 effusi
498 2446 562 2508 late
576 2444 673 2508 maris
687 2443 806 2508 arbiter
820 2445 935 2524 aufert,

205 2555 320 2622 Ctelum
335 2578 401 2622 non
415 2557 559 2620 animum
569 2563 707 2636 mutant,
720 2556 774 2638 qui
785 2564 973 2621 transmare
982 2563 1125 2621 cenant.

209 2666 339 2732 Strenua
352 2689 412 2732 nos
427 2674 553 2731 exercet
567 2666 702 2746 inertia,
724 2666 859 2731 navibus
875 2675 972 2751 atque

208 2777 371 2862 Quadi-igis
384 2777 524 2862 petimus
539 2778 618 2842 bene
632 2778 745 2843 vivere.
790 2778 887 2846 Quod
900 2778 992 2863 petis,
1003 2778 1057 2844 bic
1067 2786 1129 2858 est,

158 2886 191 2946 3⁰
210 2885 263 2950 Est
277 2889 419 2969 Ulubris,
436 2889 562 2954 animus
576 2889 604 2953 si
618 2896 652 2954 te
665 2910 731 2954 non
746 2889 854 2956 deficit
868 2911 987 2974 aequus.

589 3297 671 3363 XII.

219 3444 393 3512 l'uucrrsus
408 3445 559 3532 Agrippae
575 3445 702 3523 Siculis,
718 3467 799 3530 quos
815 3446 948 3532 colligis,
965 3449 1043 3527 Ioci,

217 3555 246 3617 Si
258 3565 338 3622 reete
351 3558 476 3636 bueria,
491 3578 556 3622 non
571 3565 630 3635 est,
646 3563 684 3619 ut
698 3557 789 3640 eopia
803 3557 906 3642 major
1146 3589 1163 3618 ι.
1175 3577 1198 3617 c.
1208 3578 1227 3616 s.
1239 3577 1269 3616 rs.
1279 3575 1311 3616 as.

217 3665 261 3728 Ab
275 3669 351 3733 Jove
365 3667 476 3733 donari
490 3668 588 3752 possit
603 3667 674 3731 tibi.
719 3667 809 3731 Tolle
824 3669 1000 3751 querellas;
1144 3691 1194 3734 ιω.
1204 3692 1229 3732 o.
1239 3692 1258 3731 ι,
1268 3693 1300 3730 as.
1310 3693 1342 3730 aa.

218 3775 328 3861 Pauper
343 3780 429 3845 euim
443 3799 510 3842 nou
524 3786 583 3856 est,
599 3778 651 3842 cui
666 3799 775 3842 rerum
789 3778 931 3862 suppetit
944 3800 1030 3843 usus.
1145 3819 1193 3848 a...
1203 3807 1227 3848 o.
1237 3807 1256 3846 a.
1266 3806 1297 3846 n.
1307 3807 1327 3846 s

183 3885 199 3942 5
218 3886 247 3948 Si
260 3890 356 3952 ventri
370 3889 463 3966 beue,
478 3887 505 3951 si
519 3888 611 3968 lateri
626 3895 675 3952 est
689 3887 886 3972 pedibusque
900 3888 975 3967 tuis,
990 3889 1037 3952 nil

218 3995 332 4064 Divitiae
347 3995 498 4084 poterunt
511 3999 633 4082 regales
646 3999 760 4064 addere
775 3999 891 4082 majus.

219 4109 249 4172 Si
260 4111 335 4179 forte
351 4115 386 4178 iu
399 4113 506 4178 medio
521 4114 698 4197 positorum
713 4114 889 4178 abstemius
904 4115 1011 4180 herbis

220 4219 296 4287 Vivis
309 4234 341 4289 et
355 4224 471 4304 urtica,
486 4225 531 4289 sie
546 4225 631 4288 vires
646 4225 801 4310 protinus,
817 4231 855 4287 ut
869 4233 903 4288 te

219 4329 380 4400 Confestim
394 4335 533 4421 liquidus
549 4337 700 4400 Fortunae
714 4335 800 4399 rivus
814 4335 951 4413 inauret,
1148 4359 1168 4394 ν’
1179 4344 1219 4394 Er·
1229 4344 1259 4382 ¹⁶·
1269 4343 1301 4382 ‘⁸'-

177 4434 205 4496 10
222 4439 273 4506 Vel
285 4447 357 4529 quia
370 4455 520 4512 naturam
535 4453 659 4510 mutare
674 4446 810 4531 pecunia
823 4447 938 4522 nescit,
1211 4443 1218 4452 ’

222 4550 273 4616 Vel
286 4558 357 4639 quia
371 4563 488 4622 cuneta
502 4563 597 4640 putas
611 4577 676 4620 nna
691 4555 808 4619 virtute
823 4555 958 4618 minora.

422 4735 464 4782 20.
483 4731 593 4781 vultum.
679 4731 702 4782 5.
722 4730 855 4779 ilulcrist.
