3450 5667
679 740 713 811 ρ.
736 738 893 796 noim
912 737 1055 795 rancor

562 908 826 991 Baccharumque
839 906 1016 971 valentium

604 1021 759 1084 Prooeraa
773 1017 921 1082 manibus
935 1026 1057 1081 vertere
1070 1016 1208 1081 fraxinos
1223 1042 1231 1081 ι

560 1129 619 1195 Nil
633 1150 766 1214 parvum
781 1138 838 1193 aut
851 1128 967 1192 humili
982 1128 1087 1207 modo,

603 1240 664 1305 Nil
678 1238 812 1304 mortale
826 1240 948 1323 loquar.
994 1238 1098 1302 Dulce
1111 1238 1293 1323 periculum
1311 1250 1384 1321 mat,

565 1353 596 1416 0
612 1351 740 1429 Ieuoee,
762 1350 853 1433 sequi
867 1348 965 1413 deum

261 1500 285 1526 ,ο
302 1484 426 1526 casas
604 1462 797 1545 cingentem
811 1459 904 1523 viridi
920 1468 1064 1545 tempora
1079 1460 1239 1545 pampino.
1456 1468 1503 1529 20

911 1824 1036 1888 XXVI.

606 1960 688 2023 Vixi
704 1958 819 2042 puellis
831 1980 935 2043 nuper
948 1958 1091 2037 idoneus,

605 2072 650 2134 Et
664 2068 797 2132 militari
811 2090 879 2133 nou
893 2069 962 2133 siue
976 2068 1094 2152 gloria:

646 2180 745 2244 Nunc
759 2201 850 2242 arma
864 2178 1115 2262 defunctumque
1129 2178 1213 2243 bello

691 2291 850 2355 Barbiton
864 2291 918 2355 bic
934 2292 1036 2376 paries
1050 2291 1192 2365 habebit,
1314 2288 1318 2295 '

604 2428 738 2492 Laevum
752 2426 886 2490 marinae
901 2426 956 2509 qui
971 2427 1107 2490 Veneris
1121 2426 1206 2491 latus
1476 2436 1498 2493 5

607 2536 767 2601 Custodit.
813 2538 889 2611 Hic,
905 2538 959 2601 hio
974 2538 1084 2621 ponite
1098 2536 1204 2601 lucida

649 2648 795 2725 Famulia,
810 2655 845 2712 et
858 2656 976 2726 vectes,
991 2656 1025 2713 et
1039 2670 1131 2713 arcus

692 2758 857 2843 Oppositis
871 2757 994 2823 foribus
1010 2759 1159 2823 minaces.

606 2898 637 2961 0
654 2916 725 2979 quae
740 2895 881 2973 beatam,
896 2895 978 2973 diva,
995 2904 1084 2961 tenes
1100 2898 1252 2981 Cyprum,
1268 2904 1302 2961 et

606 3005 778 3090 Memphin
791 3014 954 3069 carentem
970 3007 1118 3072 Sithonia
1132 3008 1213 3087 nive,
1448 3017 1496 3077 lo

652 3117 787 3199 Regina,
803 3116 935 3180 sublimi
950 3116 1075 3200 flagello

693 3230 803 3311 'Pange
818 3226 942 3292 Chlo'e'u
956 3228 1054 3292 semel
1070 3236 1282 3311 arrogantem.

903 3614 1051 3678 XXVII.

608 3751 730 3814 Isauros
745 3770 846 3834 parrae
859 3750 1031 3815 recinentis
1045 3751 1141 3816 omen

607 3860 726 3939 Ducat,
742 3869 776 3924 et
790 3882 959 3945 praegnans
974 3863 1073 3942 oanis,
1089 3872 1145 3928 aut
1160 3863 1200 3928 ab
1215 3886 1292 3950 agro

608 3972 699 4036 Rava
712 3970 885 4036 decantans
899 3973 976 4057 lupa
991 3974 1171 4055 Lanuvium

824 4082 967 4165 Fataque
982 4082 1093 4167 vulpes
1107 4109 1114 4147 ε

609 4219 752 4299 Rumpat
766 4224 800 4279 et
814 4236 944 4299 serpena
959 4216 1021 4281 iter
1041 4218 1237 4300 institutum,
1465 4232 1492 4291 5
1596 4292 1597 4311 χ

609 4329 646 4393 Si
660 4348 717 4411 per
730 4325 896 4408 obliquum
911 4328 1024 4391 similis
1038 4330 1164 4413 sagittae

607 4437 735 4504 'l'erruit
749 4440 1011 4523 manuos—Ego
1026 4440 1078 4503 cui
1092 4440 1224 4520 timebo,

823 4547 978 4612 Providus
993 4570 1120 4634 auspex,

477 4696 536 4731 xxv.
555 4686 593 4731 ln.
612 4684 820 4746 ipius-iculuruat:
832 4690 883 4740 cat,
896 4687 963 4732 omit.
977 4687 1020 4733 ΙΙΙ.
1031 4686 1060 4732 Α.
1075 4688 1102 4735 Β.
1172 4702 1252 4737 xxvn.
1271 4692 1294 4739 2.
1306 4704 1436 4753 praegnas,
1452 4693 1487 4743 Β.
1593 4699 1594 4713 ’

825 4748 849 4798 7.
867 4751 928 4811 quid
941 4752 1036 4798 tiirrcbo
1049 4751 1059 4800 i
