3450 5667
494 751 729 811 smmum!
764 753 843 812 LIB.
875 755 921 814 ΙΙ.
950 755 990 813 iii

145 920 172 981 20
191 918 358 982 Eamus
371 915 509 1001 propriis
522 939 530 980 z
553 915 631 980 olim
645 937 721 980 nam
736 939 880 1001 quaerere
894 919 1053 997 amabam,

194 1029 269 1094 Quo
283 1028 377 1092 vafer
391 1025 446 1091 ille
460 1025 557 1111 pedes
572 1026 700 1091 lavisset
717 1028 875 1113 Sisyphus
888 1050 962 1108 aere,

196 1138 284 1204 Quid
297 1139 466 1222 sculptum
480 1137 615 1216 infabre,
631 1137 708 1221 quid
722 1138 831 1202 fusum
845 1139 957 1203 durius
971 1147 1075 1218 esset;

197 1249 341 1313 Callidus
355 1249 436 1312 huie
450 1247 543 1331 signo
558 1248 716 1333 ponebam
730 1249 821 1312 milia
840 1258 993 1329 eentum5

198 1359 321 1423 Hortos
335 1358 546 1442 egregiasque
561 1357 673 1422 domos
687 1359 858 1423 mercarier
872 1381 957 1424 unus

145 1472 178 1530 25
201 1471 281 1534 Cum
295 1468 389 1532 luero
403 1488 537 1532 noram:
561 1467 646 1532 unde
660 1468 841 1552 frequentia
854 1469 1048 1534 Mercuriale

201 1577 385 1660 Imposuere
400 1575 482 1638 mihi
496 1595 675 1658 oofflomen
689 1577 838 1659 compita
882 1577 979 1656 Novi,

202 1687 245 1749 Et
257 1685 358 1750 miror
371 1683 479 1748 morbi
491 1693 665 1768 purgatum
679 1693 711 1748 te
726 1685 822 1750 illius.
867 1687 972 1768 Atqui
1146 1697 1201 1726 Μ’·
1210 1685 1236 1727 ¹·
1247 1687 1265 1727 ¹·
1275 1687 1294 1726 ¹·
1303 1689 1336 1728 ³⁸·

203 1797 328 1860 Emovit
340 1803 483 1859 veterem
497 1795 577 1858 mire
591 1815 703 1873 novus,
712 1803 757 1858 ut
770 1794 864 1874 solet,
879 1796 915 1860 in
928 1815 984 1860 eor

204 1907 346 1989 'lhujeeto
359 1905 470 1968 lateris
484 1905 591 1968 miseri
606 1905 757 1988 capitisve
772 1904 902 1970 dolore:

149 2019 186 2078 30
206 2019 251 2081 Ut
263 2015 459 2099 lethargicus
473 2015 527 2080 hie
541 2036 617 2078 eum
631 2015 669 2078 fit
681 2015 771 2098 pugil
786 2023 821 2079 et
835 2015 996 2080 medicum
1009 2022 1114 2098 urget.

207 2127 290 2190 Dum
303 2147 344 2190 ue
359 2125 438 2209 quid
451 2125 554 2189 simile
568 2125 656 2204 huie,
671 2133 738 2190 esto
749 2125 883 2190 utlibet.
905 2125 1041 2203 Obone,
1049 2145 1092 2188 ne
1101 2132 1135 2187 te

207 2238 378 2315 Rostrata,
393 2235 514 2300 insanis
528 2245 562 2300 et
575 2245 614 2300 tu
628 2237 783 2320 stultique
797 2257 894 2321 prope
908 2257 1032 2314 omnes,
1144 2239 1195 2279 Μ’
1205 2228 1260 2319 ἓξ,

210 2348 242 2410 Si
256 2347 331 2430 qnid
346 2347 520 2411 Stertinius
533 2348 601 2410 veri
615 2355 733 2430 erepat,
749 2348 835 2412 unde
849 2369 910 2432 ego
923 2347 1007 2410 mira

208 2457 364 2542 Descripsi
379 2456 490 2520 docilis
503 2464 664 2540 praeoepta
676 2456 756 2535 hoee,
771 2464 916 2540 tempore
930 2477 995 2540 quo
1009 2477 1063 2519 me

156 2568 190 2628 35
211 2567 331 2632 Solutus
341 2567 440 2651 jussit
454 2566 629 2650 sapientem
643 2587 771 2650 pascere
785 2565 920 2630 barbam

211 2677 312 2760 Atque
326 2699 345 2740 a
358 2676 505 2740 Fabricio
519 2696 584 2740 nou
599 2676 725 2740 tristem
739 2684 837 2759 ponte
851 2675 979 2740 reverti.

210 2786 292 2850 Nam
305 2789 388 2851 male
402 2807 436 2850 re
452 2793 542 2869 gesta
556 2806 630 2849 eum
644 2785 756 2848 vellem
772 2783 902 2848 mittere
916 2791 1029 2868 operto

214 2897 266 2960 Me
280 2899 381 2982 eapite
396 2898 431 2960 in
446 2895 578 2973 flumen,
594 2893 706 2958 dexter
721 2893 812 2957 stetit
826 2901 871 2971 et,
888 2893 974 2956 Cave
987 2891 1069 2956 faxis

215 3007 255 3071 'le
269 3009 436 3092 quiequam
462 3004 653 3089 indignum:
687 3003 799 3087 pudor,
825 3003 942 3087 inquit,
969 3009 1003 3066 te
1027 3001 1132 3066 malus

356 3115 458 3200 angit,

163 3233 198 3292 40
215 3231 340 3296 Insanos
353 3233 410 3315 qui
424 3231 510 3295 inter
523 3249 651 3292 vereare
664 3227 798 3290 insanus
811 3225 933 3290 haberi.

217 3341 351 3406 Primum
364 3363 440 3406 nam
455 3340 626 3423 inquiram,
643 3337 720 3422 quid
734 3337 777 3400 sit
791 3336 918 3415 furere;
944 3334 1008 3400 hoo
1023 3335 1051 3399 si
1074 3334 1137 3398 erit

354 3456 391 3519 in
405 3461 438 3518 te

220 3565 297 3644 Solo,
311 3567 355 3629 nil
371 3565 468 3642 verbi,
483 3585 593 3648 pereas
609 3562 686 3648 quin
702 3560 839 3640 fortiter,
854 3560 981 3625 addam.

220 3675 315 3740 Quem
327 3677 412 3740 mola
426 3674 565 3738 stultitia
579 3682 612 3738 et
627 3691 859 3756 quemcumque
873 3670 1002 3734 inscitia
1015 3671 1081 3735 veri

220 3786 336 3851 Cesum
351 3788 430 3870 agit,
445 3785 594 3850 insanum
609 3783 780 3868 Chrysippi
794 3783 937 3866 porticus
950 3790 984 3845 et
999 3803 1076 3866 grex
1151 3805 1203 3849 cir.
1214 3805 1234 3846 s.
1245 3806 1263 3846 ι.
1273 3807 1293 3846 a.
1302 3805 1348 3846 m.

168 3897 200 3956 45
219 3900 372 3964 limmat.
419 3900 500 3963 Haec
515 3897 658 3982 populos,
670 3895 739 3960 haee
750 3915 884 3976 magnos
898 3894 1036 3959 formula
1047 3914 1139 3977 reges

220 4007 349 4093 Esnepto
362 4009 505 4093 sapiente
518 4014 622 4072 tenet.
664 4007 765 4071 Nune
779 4004 895 4087 accipe,
911 4024 1009 4086 quare

221 4116 374 4203 Desipiant
388 4138 500 4182 omnes
515 4137 606 4200 aeque
620 4137 658 4180 ae
672 4123 719 4194 tu,
736 4114 792 4197 qui
805 4113 867 4178 tibi
881 4135 1000 4178 nomeu

222 4225 328 4293 lnsauo
341 4249 484 4314 posuere.
530 4227 630 4291 Velut
643 4225 741 4302 silvis,
756 4223 812 4287 ubi
827 4223 945 4306 passim

222 4335 359 4404 Palantes
374 4359 462 4403 error
476 4343 564 4402 oerto
579 4336 619 4401 de
633 4335 763 4399 tramite
777 4334 878 4418 pellit,

175 4441 208 4504 50
225 4445 277 4511 Ille
289 4449 504 4514 sinistrorsum
518 4448 571 4512 hie
586 4447 788 4512 dextrorsum
802 4445 882 4524 abit,
896 4467 981 4510 unus
996 4445 1126 4528 utrique

224 4555 320 4637 Error,
335 4559 390 4624 sed
403 4559 499 4622 variis
512 4557 621 4621 illudit
636 4555 778 4640 partibus
789 4583 800 4634 3
822 4555 885 4619 hoc
898 4563 933 4618 te

224 4667 313 4734 Crede
327 4670 421 4734 modo
435 4670 598 4746 insanum,
612 4667 714 4732 nihilo
729 4674 766 4730 ut
780 4665 955 4750 sapientior
968 4664 1033 4744 ille,

1265 2230 1285 2268 3.
1294 2230 1327 2268 98.

1269 2281 1289 2318 d.
1300 2280 1319 2318 1.
