3450 5667
279 1256 442 1300 condida&

278 1372 454 1424 domm

700 740 735 815 Q.
756 739 916 800 Romi
941 739 1086 798 Feroci

621 906 745 983 Ferres,
759 903 858 970 divite
872 925 925 969 me
939 903 1060 968 scilicet
1075 903 1206 983 artium,
1233 907 1236 912 ’
1371 911 1376 914 ’
1468 911 1488 971 5

620 1017 713 1083 Ques
728 1023 785 1080 eut
800 1015 990 1096 Parrhasius
1003 1014 1149 1100 protulit,
1166 1021 1223 1079 eut
1239 1015 1367 1102 Scopas,

621 1127 689 1192 iris
702 1149 790 1208 mo,
804 1127 934 1212 liquidis
947 1127 1002 1191 iue
1017 1127 1176 1192 sororibus
1400 1105 1405 1112 “

621 1240 739 1305 Sollers
751 1260 840 1304 nunc
853 1239 1020 1304 hominem
1033 1258 1165 1323 ponere,
1179 1257 1269 1303 nuno
1283 1237 1391 1304 deum.

620 1349 687 1415 Sed
699 1370 767 1414 non
779 1349 851 1414 limo
864 1348 946 1413 mihi
960 1348 1026 1413 vis:
1050 1368 1110 1414 ncc
1123 1347 1185 1412 tibi
1199 1347 1315 1414 talium

619 1457 961 1522 Rcsestautenimus
976 1455 1162 1522 deliciarum
1177 1477 1284 1541 egens.
1444 1460 1488 1522 10

619 1568 750 1634 Gaudes
764 1568 979 1647 carminibus3
1002 1567 1146 1632 carmine
1158 1589 1329 1652 possumus

618 1679 759 1760 Donare,
774 1685 809 1744 et
822 1679 963 1764 pretium
978 1678 1083 1744 dicere
1098 1679 1236 1744 muneri.

617 1790 697 1856 Non
710 1790 813 1856 inciso
825 1790 913 1855 uotis
927 1809 1087 1854 marmore
1099 1787 1248 1874 publicis,

618 1903 683 1966 Per
697 1923 769 1986 quoe
783 1901 914 1987 spiritus
927 1908 961 1966 et
975 1901 1042 1966 vite
1055 1900 1141 1966 redit
1154 1901 1248 1966 bonis

604 1997 699 2079 'Post
712 2021 851 2077 mortem
866 2011 1002 2078 ducibus
1009 2039 1020 2093 3
1043 2033 1110 2078 uon
1125 2013 1244 2078 celeres
1259 2011 1356 2096 fugae,

619 2124 824 2207 chectaeque
838 2131 1016 2188 retrorsum
1031 2103 1225 2188 umbos
1238 2124 1347 2204 minae,

617 2233 696 2299 Non
709 2233 860 2298 incendia
874 2233 1080 2318 Carthaginis
1094 2235 1213 2319 impiae,

618 2347 709 2431 Ejus,
726 2347 783 2431 qui
797 2347 922 2412 domito
935 2369 1055 2413 nomen
1070 2349 1111 2413 sb
1125 2349 1236 2414 Africa

617 2457 778 2522 Lucrstus
791 2457 897 2537 rediit,
913 2458 1029 2524 clarius
1042 2459 1186 2524 indicent

617 2570 759 2650 Laudes,
774 2591 873 2653 quem
888 2570 1034 2636 Celebrae
1049 2571 1209 2636 Pierides:
1232 2591 1347 2656 neque,

619 2681 657 2746 Si
671 2682 790 2746 ohurtoe
803 2681 931 2762 sileant,
943 2682 1029 2768 quod
1042 2682 1124 2748 bene
1138 2682 1260 2763 feceris,

618 2791 804 2856 Mercedem
818 2791 942 2856 tuleris.
988 2791 1078 2860 Quid
1092 2792 1175 2857 foret
1189 2793 1260 2860 Iliae

618 2903 840 2987 Mavortisque
853 2924 943 2988 puer,
960 2903 986 2968 ri
1002 2904 1206 2968 taciturnitas

619 3013 772 3080 Obstsret
786 3013 910 3078 meritis
924 3013 1033 3078 invide
1047 3014 1202 3078 Romuli?

618 3131 776 3213 Ereptum
792 3129 913 3214 Stygiis
927 3129 1080 3195 fluctibus
1093 3131 1234 3198 AEscum

617 3239 732 3304 Virtus
746 3248 780 3304 et
793 3239 883 3304 feror
897 3247 931 3304 et
945 3240 1056 3324 lingua
1069 3241 1251 3325 potentium
1352 3303 1356 3312 .

618 3355 742 3420 Votum
756 3355 909 3420 divitibus
924 3361 1089 3420 consecrat
1103 3354 1228 3420 insulis.

616 3464 870 3550 Dignumlsude
884 3464 987 3530 virum
1005 3465 1103 3530 Mose
1116 3472 1204 3530 vetet
1217 3465 1320 3532 mori:

618 3577 706 3642 Coelo
720 3578 819 3642 Musa
831 3576 918 3642 beat.
965 3576 1019 3642 Sic
1035 3577 1125 3642 Jovis
1138 3577 1272 3644 interest
1377 3609 1381 3618 ·

619 3687 750 3770 optatis
764 3688 867 3771 epulis
881 3686 1018 3771 impiger
1034 3687 1213 3754 Hercules:

619 3799 751 3864 Clarum
765 3798 958 3884 Tyndarides
972 3799 1060 3864 sidus
1076 3799 1116 3864 ab
1131 3800 1250 3865 infimis

621 3912 762 3979 Qussses
777 3912 919 3997 eripiunt
934 3910 1115 3994 aequoribus
1129 3921 1234 3980 rates:

620 4022 763 4087 Ornatus
777 4022 872 4086 viridi
886 4031 1032 4107 tempore
1046 4024 1199 4108 pampino

620 4133 719 4199 Liber
732 4141 808 4200 uoto
820 4133 923 4198 bonos
938 4133 1027 4198 ducit
1042 4133 1083 4198 ad
1097 4133 1212 4200 cuitus

831 4306 856 4356 9.
874 4323 934 4357 non.
1003 4305 1044 4358 84.
1063 4305 1147 4356 duxit.
