3450 5667
493 727 731 786 SATIRARUM
760 729 836 788 ΠΒ.
869 731 895 788 Ῑ.
929 727 969 789 iii.

200 895 248 958 Ae
261 913 328 957 non
343 891 483 956 inesuto
499 893 611 956 fictum
625 899 833 977 astutumque
846 915 1008 959 vocemus.

200 1004 386 1088 Simplicior
401 1003 475 1086 quis
489 1009 523 1068 et
538 1013 597 1081 est,
613 1003 740 1087 quslem
754 1025 806 1068 me
821 1025 904 1088 saepe
917 1004 1055 1069 libenter

201 1115 385 1179 Obtulesim
401 1115 475 1192 tibi,
491 1113 665 1192 Maecenas,
680 1123 717 1178 ut
730 1114 814 1178 forte
828 1095 989 1198 legentem

144 1227 181 1284 05
203 1226 267 1287 Aut
281 1224 424 1288 tacitum
437 1224 584 1308 impellat
599 1224 711 1307 quovis
726 1245 872 1288 sermone
886 1225 1057 1289 molestus:

204 1335 376 1399 Communi
392 1356 489 1398 sensu
503 1335 598 1418 plane
612 1341 709 1412 caret,
727 1333 901 1418 inquimus.
945 1336 1040 1399 Eheu

206 1443 308 1508 Quum
323 1451 450 1506 temere
463 1443 501 1504 in
514 1450 642 1506 nosmet
656 1442 761 1525 legem
776 1442 937 1506 sancimus
950 1443 1095 1526 iniquum
1107 1445 1116 1506 l

206 1555 289 1617 Nsm
303 1556 391 1618 vitiis
405 1575 503 1618 nemo
517 1554 587 1617 sine
602 1553 767 1631 naseitur;
789 1553 932 1636 optimus
946 1554 1000 1618 ille
1014 1563 1076 1634 est,

209 1667 271 1734 (lui
284 1667 429 1732 minimis
443 1674 588 1750 urgetur.
619 1665 755 1730 Amicus
770 1665 883 1744 dulcis,
894 1673 1069 1750 utoeqnum
1077 1673 1139 1745 est,
1152 1685 1198 1727 ιιι.
1209 1683 1231 1728 s.
1240 1685 1289 1728 ss
1298 1685 1343 1727 us.

155 1778 192 1837 70
212 1777 290 1839 Cum
304 1798 379 1840 meo
393 1783 581 1860 compenset
594 1775 682 1838 vitiis
696 1775 791 1856 bono,
806 1775 951 1860 pluribus
965 1774 1063 1855 hisce,

208 1887 242 1948 Si
256 1887 350 1951 modo
364 1887 459 1972 plura
472 1886 553 1950 mihi
568 1886 653 1950 bone
666 1893 754 1963 sunt,
766 1885 918 1951 inclinet:
942 1888 1042 1950 sineri

208 1995 240 2056 Si
252 1997 336 2060 volet
351 1997 413 2061 hac
426 1997 507 2080 lege.
523 1997 558 2060 in
573 1997 697 2060 trutins
711 2003 849 2079 ponetur
863 1996 986 2061 eedem.

210 2105 270 2170 Qui
284 2128 325 2171 ne
339 2107 510 2172 tuberibus
525 2107 660 2190 propriis
674 2106 817 2176 offendet
832 2107 972 2170 amicum

212 2216 362 2296 Postulat,
377 2217 524 2301 ignoscet
537 2217 677 2282 vomicis
691 2217 797 2280 illius:
821 2237 950 2299 aequum
964 2225 1024 2297 est,

156 2327 190 2384 75
214 2326 349 2390 Peocstis
364 2329 491 2392 veniam
506 2335 689 2411 poscentem
703 2327 835 2391 reddere
848 2348 970 2391 rursus.

208 2435 359 2523 Denique,
375 2447 535 2523 quatenus
549 2438 652 2504 excidi
666 2438 794 2522 penitus
809 2439 923 2502 vitium
937 2439 994 2503 ine

209 2548 318 2612 Cetei-s
332 2550 411 2615 item
426 2557 592 2633 nequeunt
605 2549 714 2613 stultis
729 2549 897 2628 haerentio,
912 2571 971 2613 cur
983 2571 1050 2631 non

213 2659 406 2726 Ponderibus
421 2661 622 2744 modulisque
637 2660 702 2723 suis
717 2660 800 2724 ratio
813 2660 928 2736 utitis,
944 2681 981 2723 sc
995 2681 1047 2724 res

210 2768 254 2830 Ut
268 2791 401 2854 quaeqoe
415 2779 477 2848 est,
493 2771 540 2834 its
553 2770 715 2854 suppliciis
729 2770 846 2833 delicta
861 2772 1013 2834 coisset?

158 2877 193 2936 80
213 2879 243 2940 Si
258 2881 327 2961 quis
341 2899 414 2945 enm
431 2901 568 2958 servum,
583 2879 727 2963 petinam
741 2879 796 2963 qui
811 2879 924 2943 tollere
934 2879 1045 2962 jussus

213 2986 352 3052 Semesos
365 2991 467 3074 pisces
481 2989 688 3072 tepidumque
702 2989 858 3070 ligurierit
868 2990 933 3073 jus,
1147 3018 1186 3072 1¹9·
1197 3019 1218 3061 s.
1227 3021 1247 3062 s.
1256 3021 1276 3061 s
1285 3021 1318 3063 ve.

213 3095 249 3158 ln
263 3117 353 3161 cruce
366 3099 505 3181 suffigat,
521 3097 671 3161 Labeone
685 3097 828 3161 insanior
841 3097 927 3163 iuter
1148 3145 1194 3176 m.
1205 3135 1231 3176 ᾖ
1242 3136 1261 3176 1,
1271 3136 1303 3177 10,
1313 3137 1347 3179 42,

214 3185 308 3270 Sanos
323 3208 456 3272 dicatur.
502 3209 634 3276 Quanto
648 3206 709 3271 hoc
723 3207 874 3271 fusiosius
888 3217 984 3293 utque
1143 3235 1193 3285 su.
1203 3235 1225 3277 s.
1234 3236 1254 3276 ι.
1263 3237 1284 3278 s.
1293 3236 1338 3279 sev.

212 3313 314 3397 Msjus
328 3325 493 3400 peccatum
508 3325 557 3380 est
571 3317 578 3379 !
626 3317 764 3380 Psulum
779 3316 914 3401 deliquit
929 3319 1060 3397 amicus,
1148 3335 1193 3377 aa,
1203 3346 1222 3379 ι.
1233 3336 1279 3378 ιιι.

161 3423 195 3486 85
216 3429 302 3494 Quod
316 3433 376 3495 nisi
391 3432 555 3510 concedes,
571 3433 707 3496 habeare
722 3433 873 3512 insuavis,
896 3433 1046 3498 acerbus:

212 3537 309 3603 Odisti
324 3551 356 3604 et
370 3543 454 3625 fugis
468 3551 508 3604 ut
520 3543 683 3606 Rusonem
698 3543 823 3607 debitor
837 3545 908 3608 aesis
919 3571 929 3622 ;

213 3651 270 3716 Qui
283 3656 355 3736 nisi,
371 3677 445 3720 cum
459 3657 568 3720 tristes
583 3657 697 3720 misero
714 3677 827 3720 venere
843 3658 1003 3736 Calendae,
1148 3683 1197 3724 cat.
1207 3683 1247 3736 sp.
1257 3685 1276 3726 s.
1286 3687 1318 3727 eo.

212 3761 383 3831 Mercedem
400 3776 457 3831 sut
471 3788 621 3830 nummos
636 3767 721 3831 unde
737 3767 823 3831 unde
838 3769 983 3848 extricet,
995 3791 1118 3833 amerus

212 3873 352 3941 Porrecto
363 3877 477 3960 jugulo
492 3876 640 3942 historias
654 3878 798 3961 captivus
813 3886 851 3941 ut
866 3879 965 3943 audit.
1146 3901 1178 3946 so.
1188 3899 1214 3940 s.
1225 3899 1249 3940 e.
1256 3898 1310 3988 ἔξει

159 3981 194 4040 90
212 3983 398 4051 Comminxit
412 3989 533 4052 lectum
549 3997 643 4072 potus
658 4009 807 4052 mensave
822 3990 966 4053 catillum
1295 3977 1301 3990 ⁴

213 4095 343 4162 Evandri
356 4099 505 4164 manibus
519 4101 634 4164 tritum
649 4101 785 4184 dejecit:
808 4101 849 4166 ob
864 4102 949 4166 hanc
962 4125 1041 4181 rem,

214 4207 272 4269 Aut
286 4211 424 4292 positum
440 4217 516 4274 ante
530 4231 601 4273 meu
617 4211 692 4294 quie
706 4212 830 4294 pullum
844 4213 878 4275 in
893 4222 983 4296 parte
998 4213 1098 4277 catini

213 4317 342 4383 Sustulit
355 4321 508 4398 esuriens,
523 4321 631 4384 minus
646 4320 707 4385 hoc
717 4323 881 4405 jucundus
897 4324 1018 4387 amicus

212 4426 256 4490 Sit
268 4431 373 4494 mihi?
418 4431 507 4498 Quid
521 4431 648 4509 faciem,
664 4433 691 4495 si
706 4431 966 4511 fiirtum'fecerit,
983 4442 1039 4496 aut
1054 4433 1082 4497 si

160 4535 192 4595 95
211 4537 382 4626 Prodiderit
395 4543 564 4607 commisse
578 4542 640 4606 fide
655 4563 846 4625 sponsumve
860 4545 1013 4626 negarit?

218 4677 252 4727 bi.
263 4679 401 4734 molestus!
469 4679 519 4730 69:
532 4677 574 4727 74.
586 4677 597 4728 i
610 4683 746 4741 oequumst.
814 4675 854 4728 79.
868 4679 1034 4743 lqnaequest

530 4745 571 4806 85.
584 4745 691 4794 acerbus
704 4744 792 4796 odisti.
1076 4812 1104 4860 Μ
