3450 5667
286 756 342 813 aas
704 752 738 827 o.
761 752 918 812 norm
939 752 1085 812 mcor

289 939 459 984 reusam
500 916 790 981 Nostrosettenui
804 916 943 982 deducta
955 914 1193 1001 podmatalil03
1432 918 1498 979 225

501 1027 585 1091 Cum
600 1048 764 1111 speramus
777 1048 816 1091 eo
829 1048 900 1093 rem
913 1034 1093 1103 venturam,
1108 1034 1146 1089 ut
1159 1022 1257 1089 simul
1271 1030 1368 1107 atque

501 1136 655 1200 Carmina
667 1136 813 1201 rescieris
827 1157 888 1201 nos
901 1137 1034 1220 ungue,
1048 1134 1236 1200 commodus
1249 1134 1336 1199 ultro

501 1254 653 1315 Aroessas
666 1258 700 1316 et
714 1271 807 1335 egere
820 1258 910 1317 retes
922 1259 957 1315 et
970 1250 1108 1336 scribere
1121 1270 1227 1333 cogas.

289 1392 323 1433 ορ.
332 1379 488 1433 pesam.
503 1361 567 1425 Sed
582 1369 691 1426 tamen
705 1370 754 1425 eet
767 1381 874 1445 operae
888 1361 1028 1444 pretium
1042 1379 1243 1443 cognoscere,
1259 1358 1369 1443 quales

501 1472 653 1537 AEditnos
666 1471 1032 1555 habeatbellispectata
1043 1469 1195 1553 domique
1432 1470 1500 1531 230

501 1582 615 1645 Virtus
629 1580 762 1663 indigno
775 1602 842 1645 non
856 1579 1089 1645 committenda
1100 1584 1216 1664 poetro.

503 1692 624 1755 Gratus
637 1690 820 1755 Alexandro
833 1690 904 1773 regi
917 1710 1036 1773 magno
1048 1690 1113 1754 fuit
1125 1690 1181 1755 ille

293 1822 350 1865 cae.
360 1823 387 1865 a.
397 1822 420 1865 r.
430 1822 476 1865 ser.
502 1800 674 1878 Choerilus,
689 1799 819 1864 incultis
833 1800 888 1883 qui
903 1799 1045 1864 versibus
1059 1806 1094 1864 et
1106 1799 1190 1864 male
1204 1799 1289 1863 natis

503 1910 644 1975 Rettulit
659 1916 815 1992 acceptos,
830 1909 937 1993 regale
950 1908 1120 1988 nomisma,
1135 1908 1309 1991 Philippos.

503 2020 568 2085 Sed
581 2020 681 2085 veluti
695 2026 833 2085 tractata
846 2027 957 2085 notam
971 2019 1140 2102 labemque
1153 2018 1326 2083 remittunt
1425 2022 1493 2084 235

502 2138 703 2209 Atrameuta,
719 2130 785 2195 iere
799 2130 969 2215 scriptores
983 2129 1124 2194 carmine
1137 2128 1225 2193 foedo

290 2266 330 2307 n..
342 2266 366 2309 a.
377 2267 396 2307 1.
406 2266 437 2307 ιο.
447 2266 479 2307 ao.
504 2238 678 2323 Splendida
691 2238 777 2302 iacta
790 2238 909 2302 linunt.
953 2236 1048 2302 Idem
1061 2258 1117 2301 rex
1131 2237 1196 2316 ille,
1211 2241 1326 2321 poema

503 2348 570 2415 Qui
584 2356 653 2411 tam
666 2346 839 2411 ridiculum
853 2355 923 2411 tam
937 2368 1010 2411 care
1023 2347 1176 2431 prodigus
1190 2348 1281 2427 emit,

502 2458 617 2522 Edicto
632 2458 745 2535 vetnit,
761 2478 802 2545 ne
817 2456 890 2541 quis
903 2478 938 2521 se
952 2465 1068 2541 praeter
1080 2458 1218 2541 Apellen

290 2589 479 2632 annumero.
502 2570 666 2653 Pingeret,
684 2569 836 2633 autalius
851 2569 995 2653 Lysippo
1008 2568 1218 2634 duoemaera
1432 2573 1500 2633 240

502 2680 607 2745 Fortis
621 2678 795 2744 Alexandri
808 2679 935 2743 vultum
948 2678 1143 2743 simulamia.
1186 2676 1326 2746 Quodsi

502 2792 524 2855 J
527 2790 666 2856 udicium
681 2788 797 2853 subtile
811 2788 956 2853 ridendis
970 2788 1092 2853 artibus
1105 2787 1186 2853 illud

455 2909 461 2919 ’
503 2902 557 2967 Ad
570 2902 668 2966 libros
682 2908 715 2965 et
730 2899 771 2964 ad
784 2898 856 2964 hec
869 2899 1042 2963 Musarum
1055 2898 1141 2963 dona
1152 2920 1291 2980 vermes,

503 3014 656 3079 Boeotum
669 3010 706 3075 in
721 3030 826 3075 crasso
837 3008 964 3092 jurares
978 3013 1051 3073 sere
1070 3018 1197 3074 uatum.

503 3125 550 3188 At
564 3142 668 3205 neque
682 3120 877 3185 dedecorant
890 3126 949 3183 tua
960 3118 1001 3183 de
1015 3139 1050 3183 se
1059 3118 1183 3203 judicia
1196 3125 1293 3203 atque
1432 3120 1499 3182 245

503 3233 654 3310 Munera,
671 3250 741 3314 que
755 3229 860 3294 multa
872 3228 983 3293 dantis
997 3248 1072 3293 cum
1086 3228 1180 3294 lande
1194 3229 1338 3294 tulerunt

293 3364 338 3405 υτ-
350 3355 371 3396 ⁸·
381 3355 401 3396 ¹·
411 3354 479 3444 w
505 3341 623 3406 Dilecti
636 3340 696 3405 tibi
711 3338 868 3423 Virgilius
881 3337 1064 3423 Variusque
1077 3342 1180 3423 poete
1190 3363 1202 3418 3

293 3484 337 3531 na.
347 3480 372 3521 o.
382 3482 401 3521 4.
411 3434 485 3521 sias
505 3454 576 3518 Neo
590 3452 693 3537 magis
707 3450 847 3535 expressi
861 3450 968 3515 voltus
983 3470 1039 3534 per
1052 3454 1153 3515 alinea
1166 3450 1268 3535 signs,

507 3566 614 3631 Quam
628 3584 684 3646 per
697 3562 779 3627 vatis
793 3582 874 3645 opus
888 3581 993 3625 morea
1007 3561 1170 3645 animique
1178 3561 1327 3647 ,virorum

504 3674 672 3738 Clarorum
687 3679 853 3757 apparent.
895 3670 968 3735 Nec
981 3690 1144 3735 sermones
1157 3692 1217 3754 ego
1231 3670 1359 3734 mallem
1434 3672 1502 3735 250

293 3818 306 3847 r
335 3837 340 3846 .
371 3836 375 3845 .
400 3803 475 3893 ,Η
506 3786 667 3867 Repentes
682 3802 740 3866 per
753 3780 890 3848 humum
905 3801 1003 3863 quam
1016 3801 1069 3845 res
1083 3802 1272 3864 componere
1285 3788 1401 3863 gestas,

370 3886 374 3895 ’
409 3884 456 3944 -V-
470 3882 475 3893 ’
505 3894 739 3975 Terrammque
752 3890 835 3955 situs
849 3897 884 3955 et
897 3890 1032 3955 flumina
1045 3889 1150 3955 dicere
1163 3899 1198 3955 et
1208 3911 1300 3954 arces

507 4001 676 4067 Montibus
690 4000 855 4084 impositas
870 4006 904 4063 et
918 3998 1053 4064 barbara
1066 4020 1166 4082 regua
1179 3999 1307 4083 tuisque

294 4164 342 4196 aas.
353 4150 377 4194 0,
387 4151 406 4190 4,
418 4150 449 4190 u
459 4149 492 4189 π,
506 4112 666 4196 Auspiciis
680 4118 787 4175 totum
802 4108 948 4174 coniecta
962 4110 1069 4174 duella
1081 4130 1139 4195 per
1152 4109 1263 4174 orbem

293 4270 347 4310 m
357 4267 381 4309 ο,
391 4267 409 4308 4
421 4266 451 4307 n.
461 4266 481 4305 9,
506 4224 715 4305 Claustraque
730 4220 895 4285 custodem
909 4219 997 4303 pacis
1010 4218 1195 4285 cohibentia
1209 4220 1330 4285 Janum
1436 4222 1504 4284 255

506 4336 550 4401 Et
563 4331 769 4397 formidatam
784 4328 913 4394 Parthis
927 4337 961 4394 te
975 4330 1119 4415 principe
1134 4330 1284 4408 Romam,

508 4444 543 4508 si
553 4449 709 4527 quantum
721 4462 883 4526 cuperem,
893 4462 1017 4525 possem
1029 4464 1177 4526 quoque;
1191 4442 1248 4507 sod
1257 4463 1361 4527 neque
1369 4464 1506 4528 parvum

291 4384 337 4435 prr.
348 4382 371 4423 c.
383 4382 401 4422 1.
410 4382 429 4421 a.
439 4381 472 4422 so.

295 4586 338 4633 2⁵⁸,
350 4580 373 4669 p
382 4578 403 4668 p
412 4579 432 4666 p.
441 4578 465 4666 ᾖ
507 4556 646 4619 Carmen
660 4551 812 4636 majestas
826 4552 939 4637 recipit
953 4558 1011 4616 tua
1024 4574 1084 4619 nec
1098 4574 1190 4619 meua
1204 4552 1301 4619 audet

762 4710 820 4761 239.
837 4710 964 4774 Aprilem.
1030 4710 1088 4763 247.
1107 4712 1245 4775 Vergilius.
