3450 5667
775 701 809 775 q,
836 701 995 760 uosrrr
1020 701 1169 760 resecr

566 861 679 928 Festos
694 863 821 930 albatus
836 865 988 944 celebret,
1003 885 1106 930 cornu
1119 866 1189 950 ipsa
1202 865 1311 932 bilibri

566 973 720 1039 Caulibus
735 975 883 1054 instillat,
898 975 1015 1040 veteris
1029 997 1098 1040 non
1111 997 1229 1060 parcus
1244 977 1340 1042 aceti.

351 1111 385 1162 ⁶³.
394 1109 419 1152 c.
430 1109 448 1152 ι.
458 1111 491 1152 n.
503 1111 534 1153 rs.
566 1084 665 1151 Quali
680 1085 781 1170 igitur
796 1085 885 1150 victu
898 1086 1026 1170 sapiens
1040 1089 1177 1150 utetur?
1200 1097 1235 1152 et
1249 1089 1368 1153 borum

567 1194 691 1258 Utrum
705 1194 913 1259 imitabitur?
958 1193 1033 1259 Hac
1046 1204 1142 1280 urget
1157 1197 1264 1282 lupus,
1279 1198 1342 1262 bac
1355 1197 1449 1274 cauis,
1462 1196 1539 1258 aiunt.

566 1305 712 1369 Mundus
727 1307 789 1370 erit
804 1329 869 1390 qus
882 1328 950 1371 uon
964 1307 1108 1372 offendat
1121 1309 1272 1374 sordibus
1286 1318 1384 1393 atquc
1509 1311 1539 1368 65

567 1415 609 1479 Iu
623 1423 771 1480 neumam
787 1425 913 1500 partem
927 1418 1034 1480 cultus
1048 1418 1156 1482 miser.
1203 1419 1270 1485 Hic
1283 1442 1388 1504 neque
1401 1419 1488 1484 serris

354 1547 410 1576 m·
419 1535 502 1626 &gl-‘⁶
512 1585 531 1626 ,Ι
566 1523 681 1588 Albuti
697 1525 782 1588 senis
797 1526 955 1610 exemplo,
969 1527 1049 1590 dum
1063 1529 1178 1592 munis
1191 1529 1285 1607 didit,

569 1635 679 1700 Serus
694 1635 766 1714 erit,
781 1657 842 1700 uec
856 1636 905 1700 sic
918 1643 957 1699 ut
971 1637 1108 1720 simplex
1121 1639 1258 1702 Naevius
1272 1645 1405 1702 auctam

351 1781 407 1822 m.
418 1769 439 1812 s.
450 1771 468 1810 ι.
479 1771 498 1813 a
508 1775 540 1814 ss.
568 1745 718 1810 Convivis
732 1745 888 1830 praebebit
902 1767 1038 1831 aquam:
1060 1749 1177 1812 vitium
1190 1748 1254 1814 hoc
1268 1771 1396 1833 quoque
1404 1767 1541 1830 magnum

567 1859 687 1942 Accipe
702 1881 800 1938 nunc,
816 1861 920 1924 victus
934 1861 1043 1924 tenuis
1058 1883 1130 1944 quae
1145 1875 1332 1946 quantaque
1346 1882 1452 1926 secum
1510 1861 1542 1922 70

568 1970 702 2036 Aderat.
749 1971 790 2034 In
805 1971 918 2055 primis
932 1973 1038 2036 valcas
1050 1971 1152 2037 bme:
1175 1995 1254 2037 nem
1268 1975 1363 2038 variae
1377 1995 1428 2037 res

569 2083 617 2146 Ut
631 2085 767 2144 noceant
781 2079 917 2157 homini,
933 2081 1044 2146 credas
1057 2103 1183 2146 memor
1195 2083 1283 2147 illius
1297 2105 1389 2163 esce,

569 2193 652 2258 Quae
666 2191 801 2275 simplex
816 2190 894 2255 olim
908 2191 970 2255 tibi
984 2191 1102 2256 sederit
1110 2219 1122 2272 3
1146 2201 1181 2256 at
1195 2194 1294 2257 simul
1308 2196 1388 2258 assis

568 2301 740 2366 Miscueris
754 2301 848 2378 elixa,
863 2301 961 2364 simul
974 2302 1144 2386 conchylia
1156 2303 1273 2383 turdis,

568 2412 685 2478 Dulcis
698 2433 732 2476 se
747 2411 782 2474 in
797 2411 894 2476 bilem
910 2419 1037 2477 vertent
1050 2413 1281 2497 stomachoque
1296 2415 1468 2478 tumultum
1513 2413 1545 2474 li

353 2536 432 2588 uss.
444 2537 461 2578 1.
473 2537 545 2580 iace.
568 2521 673 2586 Lenta
686 2523 767 2586 feret
781 2521 910 2605 pituita.
954 2521 1055 2586 Vides
1069 2531 1108 2585 ut
1120 2523 1260 2606 pallidus
1273 2527 1378 2589 omnia

568 2633 657 2698 &aa
671 2633 823 2716 desurgat
837 2631 962 2696 dubis?
1007 2633 1098 2700 Quin
1112 2655 1227 2718 corpus
1241 2645 1396 2700 onustum

569 2743 741 2809 Hesteruis
755 2743 840 2807 vitiis
855 2744 1000 2808 animum
1015 2765 1141 2828 quoque
1155 2755 1334 2830 praegravat
1348 2769 1422 2825 una,

567 2857 676 2936 Atque
691 2855 792 2939 affigit
806 2855 908 2919 humo
921 2855 1038 2920 diainoe
1051 2855 1243 2940 particulam
1257 2879 1353 2921 aurre.

567 2963 670 3044 Alter,
686 2965 744 3029 ubi
757 2965 844 3030 dicto
858 2966 955 3031 citius
969 2974 1081 3031 curate
1094 2964 1202 3050 sopori
1513 2962 1547 3023 90

568 3075 718 3139 Membra
733 3075 830 3153 dedit,
846 3083 978 3158 vegetus
992 3076 1178 3160 prescripta
1191 3075 1233 3140 ad
1246 3077 1358 3140 munia
1368 3076 1476 3160 surgit.

571 3187 635 3250 llic
650 3195 761 3251 tumen
776 3186 816 3249 ad
831 3186 947 3250 melius
961 3186 1080 3269 poterit
1093 3193 1312 3252 transcurrere
1327 3187 1492 3273 quondam,

570 3299 644 3362 Sive
659 3295 744 3360 diem
759 3296 877 3360 festum
890 3295 1017 3359 rediens
1031 3295 1193 3360 advexerit
1207 3318 1322 3377 annus,

569 3409 634 3472 Seu
649 3428 790 3471 recreare
805 3407 890 3470 volet
904 3413 1076 3470 tenuatum
1091 3427 1216 3491 corpus,
1231 3409 1353 3492 ubique

567 3520 732 3584 Accedent
747 3521 822 3584 euni
838 3529 872 3584 et
887 3519 1019 3583 tractari
1032 3519 1162 3584 mollius
1176 3528 1255 3584 setas
1516 3518 1549 3577 85

568 3629 736 3694 Imbecille
749 3631 843 3695 volet.
889 3630 962 3694 Tibi
978 3630 1131 3712 quidnam
1146 3631 1276 3695 secedet
1289 3631 1330 3695 sd
1342 3632 1437 3695 istam

569 3743 676 3807 Quam
692 3761 771 3823 puer
785 3748 818 3804 et
834 3739 957 3804 validus
971 3741 1137 3824 praesumis
1151 3741 1335 3820 mollitiem,
1350 3763 1408 3806 seu

567 3852 659 3936 Dura
672 3849 820 3914 valetudo
834 3848 984 3912 inciderit
998 3870 1056 3913 seu
1070 3849 1163 3913 tarda
1176 3854 1351 3916 senectus?

569 3959 751 4025 Rancidum
766 3980 880 4042 aprum
894 3959 1019 4042 antiqui
1033 3959 1220 4040 laudabant,
1235 3983 1303 4026 uon
1317 3963 1392 4046 quia
1406 3984 1501 4026 nasus

569 4071 638 4137 Illis
653 4071 760 4134 nullus
776 4078 856 4149 eret,
871 4070 927 4134 sed
942 4069 1037 4134 credo
1051 4069 1112 4134 hsc
1126 4079 1247 4149 mente,
1263 4071 1350 4155 quod
1362 4073 1477 4158 hospes
1519 4072 1555 4134 90

567 4183 701 4250 Tardius
716 4181 887 4246 adveniens
900 4181 1051 4246 vitiatum
1065 4182 1264 4246 commodius
1280 4205 1377 4266 qusm

568 4297 736 4378 Integrum
751 4291 830 4356 edax
845 4290 995 4355 domiuus
1010 4299 1223 4356 consumeret.
1263 4292 1335 4358 Hos
1343 4294 1469 4358 utinam
1480 4296 1556 4357 inter

353 4435 399 4486 prr.
411 4435 432 4478 s.
442 4436 460 4478 r.
470 4439 489 4478 a.
500 4439 531 4478 so.
568 4407 694 4471 Her-oss
708 4412 821 4468 natum
835 4401 932 4467 tellus
945 4423 997 4466 me
1012 4402 1116 4486 prima
1128 4402 1275 4467 tulisset!

567 4517 634 4582 Das
649 4516 770 4604 aliquid
785 4516 890 4594 lemae,
906 4536 978 4598 quae
992 4513 1132 4577 carmine
1148 4513 1269 4596 gratior
1283 4535 1394 4578 aurem

797 4690 836 4738 ec.
854 4691 949 4751 rogus.
1016 4689 1057 4738 es.
1075 4690 1127 4751 qui.
1195 4687 1236 4739 rc.
1254 4690 1354 4751 affligit.
