3450 5667
497 749 785 809 EPISTOLARUH
820 751 898 808 ΗΒ.
928 750 956 808 Ι.
985 749 1004 808 i.

160 917 187 976 tc
229 915 278 980 Ut
292 935 358 978 nox
372 914 477 998 longe,
493 915 609 998 quibus
624 915 781 979 mentitur
795 914 908 992 amics,
923 913 1056 998 diesque

230 1027 346 1108 Longe
360 1026 485 1090 videtur
498 1047 578 1109 opus
591 1025 791 1103 debentibus,
809 1033 847 1088 ut
859 1025 952 1108 piger
965 1046 1070 1088 sunus

231 1137 376 1220 Pupillis,
392 1159 471 1220 quos
485 1137 566 1200 diu-s
578 1137 696 1220 premit
711 1136 857 1200 custodis
871 1145 1033 1200 metrum:

232 1249 284 1311 Sic
297 1247 380 1311 mihi
388 1248 594 1312 tardefluunt
605 1247 793 1330 ingratoque
804 1253 958 1329 tempora,
971 1267 1042 1328 quoe
1052 1265 1143 1328 spem

234 1359 472 1442 Consiliumque
486 1365 654 1422 morentur
668 1357 783 1442 agendi
797 1357 923 1420 naviter
935 1357 979 1426 id.
995 1355 1082 1440 quod

160 1471 194 1528 25
235 1467 337 1552 AEque
351 1467 541 1552 pauperibus
556 1467 694 1553 prodest,
710 1466 923 1550 locupletibus
937 1487 1041 1549 aeque,

236 1579 339 1663 AEqne
353 1580 534 1664 neglectum
549 1579 656 1663 pueris
670 1578 864 1660 senibusque
878 1577 1027 1642 nocebit:

237 1689 357 1768 Restat,
372 1689 471 1754 uthis
480 1710 540 1772 ego
551 1689 681 1772 meipso
689 1709 798 1772 regom
809 1689 955 1770 solerque
965 1687 1142 1752 elementis.

237 1799 310 1862 Non
323 1799 424 1882 possis
438 1800 531 1864 oculo
545 1807 703 1882 qnantum
718 1797 913 1863 contendere
926 1799 1087 1882 Lynceus,
1155 1813 1211 1866 ιιι.
1221 1816 1242 1857 s.
1254 1817 1272 1857 1.
1281 1817 1301 1856 ι.
1310 1819 1343 1857 ω.

238 1909 311 1974 Non
324 1919 432 1976 tamen
446 1911 564 1976 idcirco
578 1919 764 1974 contemnas
778 1909 885 1993 lippus
897 1908 1031 1992 inungi3

169 2021 203 2078 30
240 2021 317 2100 Nec,
333 2023 405 2105 qnia
420 2021 567 2106 desperes
581 2021 693 2085 invicti
707 2020 853 2085 membro
867 2019 1035 2105 Glyconis,

242 2133 365 2196 Nodosn
379 2154 493 2216 corpus
507 2133 589 2198 nolis
603 2132 770 2216 probibere
785 2131 948 2214 cheragra.
1156 2140 1339 2183 ‘lew-¹³·

241 2245 295 2308 Est
308 2246 443 2330 quedem
458 2245 584 2330 prodire
598 2253 703 2324 tenus,
718 2245 745 2308 si
760 2266 825 2310 non
840 2221 937 2308 datur
950 2244 1045 2308 ultro.

244 2355 349 2418 Fervet
364 2356 495 2420 avaritie
509 2356 687 2440 miseroque
703 2355 851 2440 cupidine
865 2361 994 2438 pectus:
1156 2369 1324 2422 sitm·

246 2466 322 2528 Sunt
336 2465 431 2530 verba
445 2474 478 2530 et
492 2485 595 2545 voces,
610 2465 727 2549 quibus
741 2465 828 2528 hune
842 2463 944 2528 lenire
958 2463 1102 2528 dolorem

176 2574 208 2633 35
245 2576 342 2640 Possis
356 2585 389 2641 et
400 2599 550 2660 magnam
565 2575 669 2640 morbi
684 2575 841 2660 deponere
854 2582 992 2659 portem.
1158 2609 1212 2640 m.
1222 2597 1243 2637 s.
1252 2599 1271 2638 2.
1281 2599 1300 2638 ³.
1310 2599 1344 2640 er.

246 2690 356 2756 bandis
370 2713 476 2756 amore
490 2699 616 2756 tumes:
640 2698 716 2755 sunt
730 2699 818 2754 certe
831 2689 967 2774 pineolo,
983 2710 1055 2772 quoe
1068 2697 1102 2754 te

247 2801 301 2863 Ter
314 2825 389 2886 pure
401 2803 486 2868 lecto
500 2809 652 2887 poterunt
666 2822 807 2866 recreare
821 2801 942 2867 libello.

249 2911 379 2993 Invidus,
394 2915 576 2994 iracundus,
591 2915 688 2993 iners,
702 2914 841 2991 vinosm,
858 2921 994 2992 ametor,

248 3021 344 3089 Nemo
357 3027 433 3092 adeo
448 3026 535 3090 ferus
549 3033 608 3104 cst,
623 3035 662 3090 ut
676 3045 741 3089 non
756 3025 923 3089 mitescere
936 3025 1048 3109 possit,

184 3131 216 3188 tl)
252 3133 281 3196 Si
294 3137 383 3201 modo
397 3139 532 3204 culturos
545 3135 722 3220 patientem
738 3135 921 3199 commodet
936 3156 1060 3200 eurem.

250 3243 351 3312 Virtus
365 3257 412 3312 est
425 3248 541 3312 vitium
555 3247 667 3331 fugere
681 3255 714 3311 et
728 3245 885 3330 sapientis
898 3245 1005 3328 prims

251 3353 384 3422 Stultitia
397 3360 546 3424 caruisse.
590 3357 701 3436 Vides,
718 3379 789 3442 quae
804 3356 946 3420 maxims
958 3355 1061 3419 eredis

252 3465 320 3532 Esse
333 3471 425 3550 mule,
442 3471 595 3554 exignum
610 3490 743 3566 censum
757 3475 950 3550 turpemque
963 3465 1135 3549 repulssm,
1159 3515 1206 3556 ,m
1216 3505 1240 3545 ς,
1250 3506 1269 3545 3,
1279 3507 1298 3546 2
1310 3506 1340 3546 ,7,
1378 3476 1408 3552 3·
1455 3494 1462 3506 ·

254 3577 372 3644 Quanto
385 3581 504 3644 devites
519 3579 619 3643 enimi
633 3578 810 3662 capitisque
824 3575 945 3642 labore.

188 3683 219 3741 45
255 3685 382 3774 Impiger
395 3701 553 3756 extremos
568 3691 668 3755 curris
683 3696 841 3754 mercator
855 3687 897 3752 sd
912 3685 1025 3765 ludos,
1159 3714 1185 3757 ις

253 3797 306 3862 Per
319 3823 403 3868 more
416 3801 600 3888 pauperiem
613 3801 750 3883 fugiens,
765 3819 822 3884 per
835 3819 921 3876 sexo,
937 3819 994 3881 per
1007 3797 1117 3881 ignes:

253 3906 298 3971 Ne
310 3931 397 3976 cures
410 3933 458 3990 eo,
474 3932 546 3994 quoe
560 3910 659 3975 stulte
673 3909 799 3974 miraris
814 3915 847 3972 et
861 3915 964 3991 optas,

253 4015 370 4087 Discere
384 4029 416 4087 et
431 4021 540 4087 audire
554 4030 588 4086 et
602 4019 728 4085 meliori
741 4019 871 4084 credere
885 4039 953 4082 non
966 4018 1040 4082 ris?
1162 4027 1203 4068 ³¹0-
1214 4029 1239 4068 E·
1250 4028 1268 4069 ¹·
1278 4031 1297 4067 ⁸·
1306 4029 1327 4066 θ’

1187 3707 1323 3747 ‚sileo

1199 3757 1337 3798 ΘΗΜ).

1162 4079 1211 4119 nel.
1222 4079 1247 4119 Ε.
1258 4080 1276 4119 l.
1285 4081 1306 4118 Ἃ.
1314 4079 1347 4116 tit.

256 4130 324 4197 (lois
337 4137 456 4200 circum
470 4157 568 4220 pagos
583 4141 616 4198 et
631 4134 752 4198 cneum
767 4132 907 4216 compito
920 4152 1049 4216 pugnax

194 4235 224 4294 50
256 4237 365 4327 Magno
378 4247 521 4312 coronari
535 4252 722 4310 contemnat
736 4244 899 4328 Olympio,
914 4243 967 4307 cui
981 4262 1063 4324 spes,

257 4349 308 4415 eui
320 4356 360 4420 sit
375 4356 517 4422 condicio
532 4355 634 4420 dulcis
648 4355 717 4419 sine
731 4355 861 4439 pulvere
875 4352 1017 4437 palme?
1159 4376 1209 4428 μι,
1218 4375 1243 4416 c.
1254 4375 1272 4417 1.
1283 4375 1301 4416 ι.
1310 4375 1330 4416 ι.

257 4459 347 4529 Vilius
363 4475 531 4550 argentum
545 4475 594 4532 est
609 4487 697 4547 suro,
711 4464 886 4530 nautibus
901 4483 1028 4528 surum.

258 4576 282 4639 0
295 4579 380 4662 cives,
396 4583 490 4663 cives,
506 4581 677 4667 quaerende
690 4581 825 4668 pecunie
838 4579 981 4665 primum
994 4585 1063 4653 est;

393 4765 431 4812 52.
452 4763 648 4824 ?argcnlumst.
716 4759 755 4808 5³.
774 4757 920 4820 primumst.
