3450 5667
491 775 731 856 ereremum
750 775 829 834 rm.
857 775 903 834 ιι.
930 773 968 834 iv.

167 943 184 1002 5
207 940 306 1004 Caule
320 939 500 1006 suburbano
514 941 570 1024 qui
584 941 677 1005 siccis
691 940 790 1005 crevit
805 940 840 1003 in
855 940 942 1023 agris

208 1051 357 1129 Dulcior;
378 1053 500 1136 irriguo
513 1051 596 1115 nihil
606 1059 655 1116 est
669 1051 789 1116 elutius
806 1050 911 1114 horto.

210 1163 244 1223 Si
258 1163 453 1246 vespertinus
467 1163 576 1227 subito
590 1169 624 1226 te
638 1161 829 1246 oppresserit
844 1160 969 1243 hospes,

210 1273 261 1336 Ne
276 1273 392 1355 gallina
404 1273 529 1336 melum
543 1281 709 1356 responset
724 1273 805 1335 dura
818 1271 937 1355 palato,

211 1385 330 1448 Doctus
344 1384 403 1448 eris
416 1385 521 1448 vivam
535 1384 637 1447 mixto
651 1403 790 1447 mersare
805 1382 963 1446 Falerno:

166 1493 193 1554 20
213 1493 282 1556 Hoc
296 1501 435 1557 teneram
449 1493 557 1557 facim.
602 1491 810 1556 Pratensibus
824 1491 947 1574 optima
959 1489 1070 1572 fungis

214 1603 335 1665 Natura
347 1611 412 1667 est:
435 1603 505 1666 aliis
519 1603 603 1666 male
618 1601 770 1666 ereditur.
815 1601 877 1665 Ille
891 1601 1036 1665 salubres

214 1713 348 1778 AEstates
361 1723 501 1798 peraget,
517 1715 574 1798 qni
588 1715 689 1798 nigris
703 1713 838 1799 prandia
851 1713 951 1778 moris

215 1825 325 1904 Finiet,
339 1834 411 1889 ante
425 1847 557 1909 gravem
572 1845 644 1909 quae
658 1823 772 1907 legerit
787 1823 902 1888 arbore
915 1822 1027 1886 solem.

217 1935 442 2000 Aufidiusforti
455 1933 723 1998 miseebatmells
736 1933 884 2009 Falerno,
1144 1931 1344 2024 lmffljssp

165 2047 197 2104 25
217 2045 372 2125 Mendose,
388 2047 540 2129 quoniam
552 2045 662 2111 vacuis
676 2044 879 2108 eommittere
892 2042 982 2106 venis

219 2155 271 2218 Nil
285 2157 344 2220 nisi
357 2157 427 2220 lene
442 2157 553 2221 deeet:
576 2155 641 2220 leni
656 2153 829 2240 pmeordia
842 2153 949 2216 mulso

219 2267 368 2331 Prolueris
382 2267 507 2332 melius.
554 2265 590 2330 si
604 2265 685 2329 dura
698 2262 878 2329 morabitur
891 2263 992 2342 alvus,

221 2377 347 2442 Mitulus
362 2387 394 2443 et
408 2378 485 2442 viles
499 2378 619 2462 pellent
634 2375 797 2441 obstantia
811 2374 943 2439 eonelne

223 2487 258 2548 Et
271 2487 384 2572 lapathi
399 2487 503 2552 brevis
517 2486 627 2565 herba,
644 2485 700 2550 sed
714 2485 788 2549 albo
802 2505 870 2548 non
882 2483 952 2546 sine
966 2482 1045 2546 Coo.

172 2597 205 2658 30
223 2597 347 2663 Lubrien
359 2605 526 2664 nascentes
540 2597 676 2682 implent
690 2595 859 2679 conchylia
871 2594 969 2671 lunxe,

226 2708 280 2772 Sed
291 2731 353 2774 non
366 2731 461 2775 omne
475 2729 564 2774 mare
579 2715 629 2772 est
643 2727 805 2790 generosae
818 2704 926 2768 fertile
939 2709 1050 2767 testae:

225 2817 335 2885 llurioe
349 2821 471 2884 Baiano
484 2819 598 2883 melior
612 2817 754 2882 Lucrina
766 2815 895 2900 peloris,

227 2930 327 2995 Ostrea
340 2931 479 3009 Circeiis,
495 2929 626 2994 Miseno
640 2927 790 2991 oriuntur
803 2924 920 3002 echini,

226 3040 392 3106 Pectinibus
406 3040 524 3125 patulis
534 3041 637 3124 jactat
652 3058 686 3102 se
700 3036 796 3100 molle
810 3035 998 3099 Tarentum.

179 3145 209 3206 35
227 3149 286 3214 Nee
298 3152 354 3216 sibi
368 3172 520 3216 uenarum
535 3149 638 3233 quivis
652 3155 774 3212 temere
788 3153 916 3229 arroget
929 3152 1043 3222 artern,

227 3257 291 3324 Non
303 3263 389 3346 prius
403 3269 515 3326 exacta
528 3259 620 3324 tenui
634 3259 759 3324 ratione
773 3278 933 3341 saporum.

227 3367 285 3433 Nee
297 3373 369 3436 satis
383 3380 432 3436 est
447 3391 521 3436 esra
534 3371 637 3455 pisces
652 3377 793 3433 avertere
808 3387 930 3444 mensa,

229 3479 374 3562 ignarum,
390 3482 507 3566 quibus
521 3489 572 3546 est
584 3481 639 3563 jus
654 3479 759 3564 aptius
772 3486 806 3542 et
820 3476 939 3560 quibus
952 3476 1033 3540 assis

229 3589 395 3676 Languidus
409 3595 444 3657 in
459 3593 604 3657 cubitum
617 3591 686 3674 jam
702 3611 737 3654 se
751 3589 885 3654 conviva
898 3595 1042 3672 reponet.

182 3697 213 3756 40
231 3699 335 3768 Umber
347 3713 380 3769 et
393 3705 494 3788 iligna
507 3701 650 3766 nutritus
664 3700 780 3784 glande
794 3697 950 3763 rotundas

229 3809 331 3879 Currat
344 3835 418 3899 aper
431 3815 539 3878 lanees
554 3832 684 3876 earnem
698 3809 829 3874 vitantis
842 3809 1000 3872 inertem:

230 3919 301 3989 Nam
315 3929 456 3992 Laurens
470 3925 574 3990 melus
588 3931 648 4002 est,
663 3923 745 3986 ulvis
759 3929 793 3986 et
807 3920 964 3984 arundine
977 3917 1117 4003 pinguis.

230 4029 317 4100 Vinea
329 4037 492 4102 submittit
507 4055 636 4118 capreas
649 4053 716 4096 non
730 4051 855 4114 semper
870 4029 990 4094 edules.

231 4139 369 4211 Fecundae
382 4146 498 4231 leporis
512 4145 637 4228 sapiens
651 4141 826 4207 sectabitur
841 4159 959 4204 armos.
1156 4177 1189 4216 ⁴4
1198 4165 1220 4206 s.
1229 4165 1249 4204 2.
1257 4165 1278 4204 s.
1287 4163 1321 4204 sa.

187 4247 215 4307 45
233 4250 357 4321 Piscibus
371 4265 468 4341 atque
482 4255 593 4320 avibus
608 4273 679 4337 quse
694 4259 811 4315 natura
824 4261 857 4314 et
870 4249 955 4313 foret
968 4255 1056 4324 setas,

231 4369 301 4434 Ante
314 4393 420 4436 meum
433 4369 516 4434 nulli
529 4368 636 4454 patuit
650 4367 785 4451 quaesits
798 4365 956 4451 palatum.

233 4595 427 4687 Nequaquam
440 4600 519 4666 satis
532 4599 567 4663 in
580 4621 616 4664 re
630 4619 696 4664 uns
710 4615 898 4662 summere
912 4613 1021 4658 euram
1033 4618 1044 4671 ς

345 4765 385 4815 19.
403 4764 490 4826 misto,
509 4769 604 4814 musto.
673 4763 712 4813 48.
731 4763 795 4812 satis
807 4763 856 4821 est,
869 4757 914 4806 Ηῖ.
927 4757 956 4806 F.
