3450 5667
497 767 786 826 EPISTOLARUM
823 770 901 828 Ma.
931 771 959 829 I.
989 772 1025 828 vi.

214 927 313 993 Quid
330 929 424 992 maria
439 937 599 996 extremos
614 933 740 998 Arabas
755 933 890 998 ditantis
903 943 938 998 et
952 933 1063 1014 Indos,

212 1039 366 1102 Ludicra
379 1041 466 1123 quid,
481 1041 615 1125 plausus
628 1051 662 1106 et
677 1044 773 1108 amici
788 1043 874 1108 dona
888 1045 1040 1123 Quiritis,

214 1151 297 1215 Quo
313 1153 486 1234 spectanda
500 1153 608 1233 modo,
625 1175 690 1238 quo
702 1175 800 1219 sensu
814 1155 918 1220 eredis
932 1164 967 1220 et
980 1156 1061 1220 ore?

213 1261 286 1328 Qui
302 1262 397 1327 timet
411 1263 463 1328 bia
477 1263 620 1344 adversa,
636 1265 703 1329 fere
718 1266 854 1330 miratur
868 1265 995 1344 eodem,

152 1375 191 1434 10
215 1374 296 1440 Quo
310 1374 454 1458 cupiens,
469 1381 586 1458 pacto;
609 1397 708 1460 pavor
721 1387 771 1440 est
785 1375 958 1460 utrobique
972 1376 1138 1454 molestus,

213 1485 399 1570 improvisa
412 1487 512 1551 simul
524 1488 645 1571 species
659 1495 800 1552 exterret
814 1496 1000 1571 utrumque.

215 1596 369 1660 Gaudeat
382 1619 425 1660 an
439 1598 557 1676 doleat,
573 1598 681 1682 cupiat
695 1605 873 1678 metuatne,
888 1598 967 1683 qnid
980 1597 1022 1662 ad
1035 1619 1115 1677 rem,
1172 1609 1359 1661 cur-uiam
1466 1611 1469 1617 ’

218 1709 267 1784 Si,
282 1708 440 1791 quidquid
455 1707 536 1772 vidit
550 1708 666 1772 melius
679 1708 809 1792 pejusve
824 1730 883 1772 aua
896 1730 963 1793 ape,

217 1819 343 1882 Defixia
355 1820 457 1884 oculis
471 1819 642 1902 animoque
657 1826 691 1883 et
705 1841 835 1903 corpore
849 1820 979 1904 torpet?

158 1931 193 1990 15
217 1929 331 1992 Insani
345 1929 472 2014 sapiens
487 1933 604 1994 nome'n
618 1929 711 2008 feret,
728 1951 839 2014 oequus
852 1930 966 2014 iniqui,

215 2041 315 2104 Ultra
331 2062 428 2124 quam
442 2041 521 2104 satia
536 2047 586 2104 eat
599 2041 753 2105 virtutem
767 2041 795 2104 ai
809 2047 901 2125 petat
914 2041 1027 2124 ipsam.

217 2151 234 2214 l
249 2173 349 2230 nunc,
364 2161 535 2235 argentum
550 2159 584 2215 et
598 2171 739 2216 marmor
753 2160 846 2216 vetus
860 2173 988 2235 aeraquc
1002 2162 1036 2216 et
1051 2161 1135 2218 artes
1171 2165 1201 2207 ¹⁷·
1211 2155 1235 2198 ⁰·
1246 2159 1265 2198 ⁴
1274 2160 1294 2198 ⁸·
1303 2160 1335 2249 gf

217 2262 359 2346 Suspice,
375 2283 453 2327 cnm
468 2262 604 2346 gemma
618 2261 732 2346 'llyrios
746 2263 865 2326 mirare
879 2263 1022 2341 colorea3
1169 2281 1295 2326 18.B.2.2.
1310 2285 1354 2328 reo.

217 2372 341 2452 Gaude,
356 2372 445 2456 quod
458 2380 605 2456 spectant
619 2373 705 2437 oculi
719 2381 753 2436 te
767 2373 856 2437 mille
870 2375 1054 2456 loquentem
1067 2401 1077 2454 3

163 2483 200 2543 20
219 2483 330 2546 Nerua
345 2505 443 2547 mane
458 2483 567 2547 lorum
582 2493 615 2548 et
629 2484 830 2568 vespertinus
844 2495 918 2568 pete
932 2493 1068 2564 tectum,

218 2597 267 2660 Ne
280 2598 353 2681 plus
367 2598 524 2662 frumenti
539 2597 700 2663 dotalibus
715 2604 835 2661 emetat
850 2597 936 2680 agria

219 2707 330 2772 Mutus
344 2717 388 2787 et,
409 2708 602 2792 (indignum,
618 2708 704 2792 quod
719 2708 762 2771 sit
775 2707 939 2792 pejoribus
954 2709 1068 2790 ortua)

219 2817 282 2882 llic
294 2818 356 2884 tibi
370 2819 412 2882 sit
427 2821 534 2903 potius
548 2841 645 2903 quam
659 2827 698 2882 tu
712 2817 868 2882 mirabilis
882 2817 940 2881 illi.

220 2929 381 3014 Quidquid
396 2931 456 2994 sub
471 2939 557 2994 terra
571 2937 630 3008 est,
645 2930 680 2992 in
696 2929 838 3013 apricum
854 2928 993 3012 proferet
1007 2936 1087 2992 aetas
1095 2952 1105 3004 3

165 3039 198 3098 2,]
218 3039 364 3105 Deludiet
378 3041 557 3124 condetque
571 3040 718 3104 nitentia.
764 3040 846 3103 Cum
863 3039 945 3103 bene
958 3045 1072 3102 notum

219 3151 359 3216 Porticus
375 3153 524 3236 Agrippae
540 3159 572 3215 et
587 3153 640 3215 ria
653 3160 687 3216 te
702 3150 902 3234 conspexerit
915 3151 1013 3234 Appi,
1161 3178 1220 3226 m.
1230 3177 1270 3228 ap.
1280 3179 1300 3218 4.
1311 3179 1343 3220 rc

218 3260 267 3325 Ire
280 3271 392 3327 tanmn
405 3272 516 3342 restat,
532 3263 644 3327 Numa
658 3282 723 3345 quo
737 3260 866 3325 devenit
879 3268 913 3324 et
927 3262 1049 3324 mous.
1161 3305 1193 3346 u·
1202 3292 1227 3334 c,
1236 3295 1256 3336 4
1265 3295 1286 3336 7,
1296 3295 1328 3338 η,

217 3371 249 3434 Si
262 3373 345 3438 latus
361 3381 417 3438 aut
432 3395 524 3438 renes
538 3372 651 3438 morbo
665 3379 867 3456 temptantur
881 3379 986 3449 acuto,

218 3483 326 3550 Quare
340 3485 453 3569 fugam
467 3485 581 3550 morbi.
626 3483 687 3548 Vis
702 3493 788 3548 recte
804 3483 927 3546 vivere:
951 3483 1130 3566 quianon?

164 3591 198 3652 30
218 3595 249 3656 Si
263 3597 363 3662 virtna
379 3597 440 3662 boc
455 3619 521 3686 uua
533 3605 639 3682 potest
654 3595 740 3674 dare,
756 3593 847 3659 sortia
861 3595 986 3660 omissio
1156 3627 1201 3669 m.
1211 3621 1238 3663 n.
1248 3623 1267 3663 1.
1276 3623 1296 3664 ε.
1306 3627 1338 3666 o.

218 3704 285 3769 Hoc
298 3729 357 3792 age
374 3707 504 3772 delium.
548 3707 714 3770 Virtutem
728 3707 827 3771 verba
840 3715 935 3789 putas
949 3715 983 3771 et
1155 3719 1251 3813 *⁰⁶⁰³ss
1259 3725 1355 3816 3313.

216 3817 332 3885 Lucum
347 3821 457 3903 ligna:
480 3841 555 3884 cave
569 3841 610 3884 ne
625 3828 736 3904 portus
751 3827 885 3903 occupet
899 3820 990 3898 altor,
1081 3819 1089 3832 '

217 3927 262 3992 Ne
275 3931 469 4016 Cibyratica,
485 3953 527 3996 ne
542 3930 686 4015 Bithyna
700 3929 831 4013 negotia
844 3930 979 4013 perdaa3
1031 3923 1041 3933 ’
1154 3950 1201 3992 aar.
1212 3952 1236 3992 c.
1247 3953 1265 3991 ι,
1276 3955 1307 3993 ³³.
1318 3955 1338 3994 r.

215 4038 298 4105 Mille
311 4045 437 4106 talenta
451 4042 675 4118 rotundentur,
690 4041 826 4104 totidem
841 4041 951 4119 altero,
966 4063 1060 4124 porro
1074 4049 1108 4104 ct
1244 4006 1264 4042 ’δ’
1274 4005 1293 4044 ⁷'
1303 4007 1323 4044 δ’

165 4149 196 4208 35
216 4151 316 4217 'lertia
329 4154 508 4219 succedant
522 4163 554 4217 et
570 4175 641 4237 quae
656 4175 728 4234 pars
744 4152 880 4236 quadrat
894 4175 1053 4216 acervum.

217 4261 333 4329 Scilicet
348 4285 484 4329 uxorem
499 4285 572 4328 cum
588 4265 663 4328 dote
678 4263 837 4348 fidemque
852 4271 886 4327 et
900 4265 1020 4326 amicos
1153 4299 1185 4349 ,6,
1197 4262 1275 4340 ω,
1286 4301 1319 4342 ω,

215 4371 253 4435 Et
266 4397 364 4458 genus
380 4384 413 4439 et
426 4376 562 4439 formam
576 4375 688 4458 regina
703 4375 843 4440 Pecunia
857 4375 967 4452 donat,
1152 4425 1185 4466 ³7,
1196 4415 1217 4455 Β,
1227 4415 1246 4456 3,
1256 4418 1276 4458 ὅ,
1285 4419 1305 4458 2

216 4485 258 4545 Ac
271 4484 348 4551 bene
365 4493 569 4549 nummatum
587 4484 716 4548 decorat
732 4483 871 4548 Suadela
885 4483 1073 4570 Venusque.

217 4593 378 4682 blancipiis
392 4596 531 4680 locuples
546 4603 620 4680 eget
634 4595 704 4658 aeria
720 4593 944 4678 Cappadocum
958 4613 1014 4657 rex
1028 4619 1035 4658 :

413 4769 454 4818 24.
473 4768 602 4817 itemst.
669 4768 708 4816 31.
727 4769 804 4828 putes
817 4769 853 4814 ut
