3450 5667
501 739 786 800 EPISTOLARUM
814 743 895 802 ΗΒ.
921 745 968 804 ΙΙ.
989 747 1010 804 i.

237 901 370 986 Pupillo
378 927 389 980 ς
410 901 489 966 vivit
502 903 627 986 siliquis
641 909 675 968 et
689 925 772 988 pane
786 905 949 984 secundm

236 1011 371 1076 Militis
384 1033 579 1096 quamquem
592 1013 684 1096 piger
698 1022 732 1078 et
746 1016 860 1093 malus,
875 1017 966 1081 utilis
978 1017 1063 1097 urbi,

152 1123 213 1182 125
237 1121 277 1184 Si
292 1119 351 1186 des
363 1119 432 1200 hoc,
447 1122 554 1206 parvis
569 1143 696 1207 quoque
709 1124 805 1190 rebus
820 1147 938 1209 megns
948 1126 1065 1209 juvari.

238 1231 290 1296 Os
305 1239 449 1296 tenerum
463 1232 555 1316 pueri
569 1231 764 1316 balbumque
779 1239 875 1316 poete
888 1237 1017 1319 figurat,

236 1339 382 1424 Torquet
395 1341 435 1406 sb
449 1341 597 1406 obscenis
607 1341 677 1424 jam
691 1363 779 1408 nune
793 1345 994 1410 sermonibus
1007 1367 1129 1426 eurem,

236 1449 326 1512 Mox
340 1451 432 1516 etiam
446 1451 740 1536 pectuspraeceptis
753 1452 873 1518 lormst
887 1455 1008 1535 smine,
1165 1471 1335 1516 suanm

236 1560 431 1644 Asperitatis
446 1569 480 1626 et
495 1562 623 1626 insidiis
638 1569 796 1628 corrector
810 1572 844 1628 ct
857 1565 914 1630 ire
921 1591 933 1643 3

152 1676 215 1738 130
238 1675 347 1740 Recte
359 1675 441 1742 fsctc
454 1676 564 1755 refert,
579 1677 716 1742 orientis
730 1685 875 1762 tempora
888 1679 974 1744 notis

237 1785 380 1850 Instmit
393 1787 555 1870 exemplis,
570 1787 697 1872 inopem
712 1789 834 1852 solatur
847 1797 881 1853 et
895 1810 1027 1872 regrum.

238 1897 349 1959 Castis
362 1917 434 1960 cum
449 1897 557 1980 pneris
570 1897 684 1980 ignara
697 1899 804 1981 puelle
816 1899 927 1962 mariti

236 2006 385 2072 Disceret
399 2007 484 2072 unde
498 2029 617 2091 preces,
633 2015 739 2073 vetem
754 2008 789 2072 ni
803 2009 903 2072 Musa
916 2009 1080 2074 dedisset?

238 2115 350 2178 Poscit
363 2135 454 2198 opem
470 2115 588 2180 chorus
602 2125 635 2180 et
649 2117 818 2200 presentis
833 2118 969 2182 numine
981 2119 1090 2198 sentit,
1157 2147 1215 2190 m.
1226 2137 1250 2180 c.
1260 2138 1279 2180 ι.
1288 2141 1320 2182 su
1329 2141 1349 2182 u

155 2223 213 2285 135
237 2224 390 2288 Caelestes
403 2224 555 2307 implorat
570 2245 669 2306 equas
683 2224 778 2290 docta
793 2246 887 2308 precs
901 2225 1047 2306 blundus,

236 2333 367 2396 Avertit
379 2333 519 2412 morbos,
535 2334 707 2400 metuende
720 2335 860 2418 pericula
874 2337 976 2420 pellit,

237 2443 398 2525 Impetrat
412 2451 445 2506 et
458 2463 570 2526 pacem
585 2451 619 2507 et
631 2443 823 2528 locupletem
837 2445 986 2528 frugibus
1002 2467 1134 2512 nanum.

237 2553 389 2618 Carmine
403 2551 437 2615 di
452 2553 559 2636 superi
572 2553 750 2636 placantur,
766 2555 908 2619 ommino
922 2553 1049 2623 Mones.

237 2661 399 2746 Agricolae
412 2662 519 2746 prisci,
535 2662 634 2728 fortes
648 2684 807 2748 parvoque
821 2663 919 2743 besti,
1163 2679 1352 2731 ossa-21⁰⁶·

158 2772 216 2834 110
238 2771 379 2836 Condito
392 2779 465 2856 post
480 2771 641 2838 frumento
654 2773 795 2838 levantes
808 2781 953 2858 tempore
967 2772 1050 2840 festo

237 2883 362 2966 Corpus
376 2890 409 2947 et
423 2882 529 2966 ipsum
544 2882 687 2946 animum
701 2904 758 2968 spe
772 2883 845 2946 finis
860 2883 941 2946 dura
953 2883 1120 2964 ferentem,

234 2994 322 3057 Cum
338 2993 430 3056 sociis
442 3013 586 3078 opernm,
601 2993 708 3076 pueris
722 3001 756 3059 et
771 2993 909 3076 conjuge
922 2993 998 3075 fids,

234 3104 398 3167 Tellurem
412 3125 520 3188 porco,
538 3103 704 3169 Silvanum
718 3104 802 3168 lacte
816 3104 961 3188 piabunt,
1162 3121 1204 3164 m.
1214 3123 1254 3174 sp.
1264 3124 1283 3165 s
1293 3123 1326 3164 ss.

234 3213 387 3278 Floribus
402 3223 434 3278 et
448 3214 523 3278 vino
538 3214 680 3280 Genium
694 3235 870 3280 memorem
884 3215 989 3280 brevis
1003 3216 1073 3282 sevi.
1164 3237 1218 3281 ce..
1228 3238 1254 3280 a.
1263 3239 1361 3282 sinu

160 3325 213 3387 145
235 3323 438 3390 Fescennina
450 3344 508 3408 per
521 3323 609 3388 hunc
622 3323 754 3388 invente
767 3324 896 3390 licentia
910 3347 1034 3390 morem

233 3433 395 3498 verubus
409 3433 540 3498 nemu
554 3434 722 3518 oppinum
735 3416 855 3500 reseca
869 3436 964 3515 uait,

232 3543 450 3626 Libertuque
463 3551 663 3608 recurrentes
678 3552 808 3629 accepts
821 3567 879 3629 per
893 3567 995 3612 annos

232 3654 336 3720 Lusit
350 3653 538 3733 amabiliter,
556 3655 656 3720 donec
667 3656 736 3738 jam
751 3677 853 3721 saems
867 3666 1012 3741 apertam

232 3765 280 3828 In
294 3763 417 3828 rabiem
432 3765 529 3848 coepit
542 3765 624 3828 verti
635 3767 729 3850 jocus
743 3774 777 3830 et
791 3788 848 3852 per
861 3767 1011 3834 honestas

160 3875 212 3937 150
233 3877 294 3939 Ire
309 3873 420 3938 domos
433 3875 565 3956 impune
580 3875 700 3940 minax.
745 3877 886 3942 Doluere
900 3886 1034 3944 cruento

232 3985 349 4049 Dente
363 3983 499 4048 lacessiti
511 4009 521 4062 3
544 3983 752 4050 fuitintactis
767 4008 984 4070 quoquecura
1161 4002 1202 4044 cae.
1213 4001 1234 4043 s.
1244 4003 1264 4043 s.
1273 4002 1292 4043 1.
1302 4003 1335 4042 n.

232 4093 433 4160 Condicione
448 4115 542 4178 super
556 4095 739 4174 communi;
763 4097 841 4180 quin
856 4097 955 4161 etium
969 4097 1018 4162 lex
1163 4102 1209 4153 θ’,
1218 4101 1339 4194 {ll-,¹¹33

232 4209 403 4289 Poenaque
416 4207 492 4286 lats,
508 4209 593 4272 mulo
608 4229 679 4292 quse
693 4210 793 4274 nollet
804 4211 944 4275 carmine
956 4232 1149 4295 quemquam

231 4320 406 4400 Describi3
428 4329 551 4387 vertere
566 4323 709 4402 modum,
724 4323 898 4390 formidine
911 4326 1005 4390 fustis

158 4429 207 4494 155
232 4427 293 4494 Ad
306 4428 387 4493 bene
400 4429 571 4496 dicendum
586 4431 873 4519 delectandumque
887 4434 1019 4499 redacti.

233 4539 367 4606 Grecis
381 4547 473 4626 cepta
487 4541 592 4608 lerum
607 4543 759 4610 victorem
775 4546 858 4630 cepit
874 4553 908 4610 et
922 4551 1007 4611 artes

548 4703 604 4751 124
621 4703 679 4753 arbi
689 4707 738 4754 est.
