3450 5667
289 734 345 790 206
701 729 734 802 Q.
757 729 915 788 noem
932 730 1076 788 FMOCI

287 899 485 991 2:⁸93?ng
501 899 521 964 J
524 920 575 962 am
591 897 714 963 dudum
728 899 877 983 splendet
890 899 981 964 focus
994 907 1028 963 et
1042 899 1103 964 tibi
1117 899 1240 964 munda
1253 902 1405 986 supellex.

500 1011 599 1074 Mitte
614 1011 700 1074 leves
714 1031 786 1094 spes
800 1017 834 1074 et
848 1010 1026 1074 certamine
1039 1009 1235 1076 divitiarum.

499 1123 543 1184 Et
559 1120 688 1184 Moschi
702 1141 850 1186 cauum:
874 1141 944 1185 cres
959 1127 1037 1184 nato
1051 1121 1178 1185 cesare
1192 1121 1294 1186 festus

288 1247 340 1298 tm·
351 1247 376 1288 Α.
389 1246 411 1288 1²·
421 1247 465 1288 21⁰.
500 1231 567 1294 Dat
580 1231 706 1295 veniam
721 1251 934 1314 somnumque
948 1231 1037 1308 dies3
1060 1231 1194 1315 impune
1205 1232 1331 1299 licebit„
1464 1237 1507 1298 10

501 1341 661 1405 AEstivam
684 1362 829 1406 sermone
844 1342 985 1426 benigno
1000 1342 1132 1407 tendere
1146 1351 1286 1410 noctem

502 1453 577 1518 Quo
592 1452 674 1514 mihi
688 1451 861 1530 fortunam,
876 1451 905 1514 si
919 1473 985 1515 non
999 1451 1189 1516 conceditur
1202 1452 1278 1516 uti?

407 1595 469 1680 Ἢ
502 1567 622 1628 Parcus
637 1563 678 1627 ob
692 1562 819 1627 heredis
835 1583 945 1626 curam
960 1561 1161 1644 nimiumque
1175 1582 1302 1626 severus

406 1645 469 1734 isli.
502 1675 655 1740 Assidet'
647 1695 778 1738 msauo:
803 1685 913 1758 potare
928 1681 962 1739 et
975 1694 1124 1758 spargere
1138 1674 1232 1738 flores

502 1784 660 1868 Incipiam
674 1783 840 1868 patiarque
855 1785 906 1848 vel
920 1785 1121 1848 inconsultus
1135 1784 1254 1849 haberi.
1466 1791 1505 1850 15

503 1897 590 1963 Quid
605 1917 670 1960 non
686 1895 824 1960 ebiietas
838 1895 1012 1979 designat?
1056 1897 1178 1980 Operta
1192 1896 1339 1975 recludit,

504 2009 583 2090 Spes
593 2005 688 2090 jubet
703 2027 771 2070 esse
786 2013 883 2084 ratas,
898 2006 939 2069 ad
954 2007 1069 2090 proelia
1083 2007 1185 2070 trudit
1199 2008 1358 2087 inertem,

503 2117 655 2180 Sollicitis
670 2117 785 2180 animis
800 2138 881 2180 onus
895 2117 1017 2194 eximit,
1034 2117 1168 2180 addocet
1183 2126 1277 2181 artes.

503 2229 645 2293 Facundi
660 2229 774 2292 calices
789 2248 884 2310 quem
900 2249 965 2292 non
980 2227 1083 2292 fecere
1105 2228 1287 2292 disertum?

503 2342 677 2403 Contracta
693 2361 787 2424 quem
803 2361 869 2430 non
883 2339 919 2402 in
931 2348 1120 2424 paupertate
1135 2342 1302 2404 solutum?
1463 2347 1508 2407 20

504 2431 588 2514 Haec
604 2472 663 2534 cgo
677 2471 845 2534 procurare
860 2458 893 2514 et
908 2451 1041 2514 idoneus
1055 2451 1195 2534 imperor
1210 2460 1243 2515 et
1257 2473 1323 2515 non
1371 2455 1374 2459 ’

301 2594 326 2624 or
388 2614 392 2622 .
417 2587 445 2623 ,s
460 2613 464 2623 .
503 2561 639 2638 Invitus,
656 2581 697 2622 ne
712 2567 806 2642 turpe
821 2560 914 2637 toral,
929 2581 972 2624 ne
986 2560 1115 2624 sordida
1128 2583 1244 2645 mappa

502 2672 660 2755 Corruget
675 2692 779 2750 nares,
795 2691 836 2734 ne
851 2692 917 2734 non
932 2677 966 2734 et
981 2671 1152 2736 cantharus
1166 2682 1201 2736 et
1215 2673 1289 2736 lanx

503 2781 661 2846 Ostendat
676 2781 737 2846 tibi
752 2788 796 2858 te,
812 2801 853 2845 ne
868 2780 949 2845 fidos
963 2781 1048 2845 inter
1062 2782 1181 2846 amicos

504 2894 554 2956 Sit
570 2893 625 2976 qui
639 2892 727 2957 dicta
741 2891 825 2956 foras
840 2893 995 2970 eliminet,
1011 2899 1050 2956 ut
1064 2897 1154 2957 coeat
1168 2914 1226 2977 par
1462 2899 1505 2959 25

502 3007 523 3068 J
526 3011 727 3089 ungaturque
742 3003 821 3087 pari.
867 3003 1003 3066 Butram
1018 3003 1078 3067 tibi
1100 3003 1350 3087 Septiciumque,

502 3117 545 3178 llt
561 3114 623 3179 nisi
638 3135 717 3178 cena
732 3113 819 3198 prior
833 3112 1001 3196 potiorque
1015 3115 1123 3197 puella
1138 3114 1294 3179 Sabinum

290 3255 347 3294 me.
358 3253 378 3293 s.
389 3253 408 3292 a
418 3255 437 3294 s
448 3253 480 3294 aa
502 3225 645 3302 Detinet,
662 3245 843 3301 assumam,
867 3223 955 3287 loeus
970 3231 1019 3346 est
1035 3232 1068 3286 et
1082 3224 1228 3308 pluribus
1242 3225 1385 3290 umbris:

449 3398 563 3524 m,
579 3453 695 3530 quotus
710 3465 778 3510 esse
793 3445 880 3523 velis,
897 3443 1046 3522 rescribe,
1062 3453 1096 3508 et
1110 3445 1204 3509 rebus
1218 3446 1344 3510 omissis
1461 3450 1507 3511 30

502 3559 597 3622 Atria
611 3565 788 3621 servantem
803 3555 926 3640 postico
942 3555 1016 3619 salle
1031 3555 1192 3622 clientem.

974 3977 1037 4040 VI.

502 4131 573 4194 Nu„
589 4127 739 4192 admirari
754 4146 850 4210 prope
865 4146 916 4188 res
930 4133 979 4189 est
994 4146 1068 4201 una,
1084 4123 1230 4203 Numici,

505 4241 653 4322 Solaque,
669 4259 740 4321 quae
754 4237 856 4320 possit
872 4235 976 4299 facere
990 4243 1025 4298 ct
1039 4257 1163 4299 servare
1177 4236 1319 4299 beatum.

507 4353 605 4414 Hunc
619 4351 720 4414 solem
735 4361 768 4412 et
783 4347 893 4410 stellas
908 4353 941 4410 ct
955 4345 1143 4410 decedentia
1157 4347 1253 4410 certis

290 4499 353 4532 noa.
365 4488 389 4528 a.
399 4490 416 4529 ι.
425 4487 489 4528 mm.
504 4464 660 4544 Tempora
674 4457 847 4522 momentis
861 4465 938 4521 sunt
952 4457 1009 4540 qui
1023 4456 1194 4521 formidine
1208 4458 1298 4522 nulla

505 4572 628 4636 Imbuti
643 4577 808 4655 spectent:
833 4567 911 4652 quid
926 4587 1036 4632 censes
1050 4589 1184 4632 munera
1198 4575 1301 4648 terrae,
1487 4576 1506 4634 5

908 4731 993 4782 17.ἰη
966 4747 1100 4784 m.ermem
