3450 5667
782 705 818 778 Q.
839 705 998 764 noem
1013 706 1160 766 JLAocr

1017 993 1124 1059 VIII.

575 1129 669 1194 Onne
684 1135 819 1194 truncus
833 1149 923 1194 eram
936 1127 1084 1207 ficulnus,
1100 1128 1217 1192 inutile
1230 1129 1369 1213 lignum,

574 1239 658 1303 Cum
672 1239 762 1304 faber
774 1239 918 1304 incertus
930 1259 1098 1303 scamnum
1111 1239 1274 1304 laemetue
1290 1241 1447 1322 Pn'apum,

574 1350 693 1414 Maluit
707 1371 775 1415 esse
790 1350 909 1428 denm3
931 1350 1010 1414 dens
1023 1349 1184 1433 misego,
1200 1351 1311 1414 summ
1326 1351 1482 1430 aviumque

574 1459 719 1524 Maxima
731 1459 888 1526 formido:
911 1481 987 1524 nam
1001 1460 1088 1523 fures
1102 1459 1216 1523 dextra
1230 1465 1358 1526 eoiroet

573 1571 784 1654 Obseenoque
798 1571 895 1634 ruber
909 1577 1073 1656 porrectus
1087 1569 1129 1633 ab
1143 1570 1278 1652 inguine
1292 1571 1402 1656 palus:
1522 1568 1537 1624 5

573 1683 636 1746 Ast
651 1681 850 1764 importunas
864 1682 1008 1744 volucres
1021 1681 1058 1743 in
1070 1681 1190 1744 vertice
1204 1681 1330 1746 mundo
1391 1683 1397 1692 ’

573 1791 685 1856 'l'erret
700 1791 762 1854 fixa
774 1799 926 1874 vetatque
939 1789 1030 1853 novis
1044 1788 1209 1854 considere
1223 1792 1259 1853 iu
1274 1791 1386 1856 bortis

575 1900 651 1965 lluc
665 1901 753 1984 prius
767 1901 912 1984 angustis
926 1901 1030 1983 ejecta
1043 1900 1196 1964 cadavera
1209 1901 1301 1965 oellis

574 2015 753 2078 &nervus
768 2013 822 2076 vili
835 2011 992 2097 portanda
1005 2012 1131 2076 locabat
1145 2013 1181 2076 in
1195 2035 1292 2093 arm

575 2123 649 2187 Hoc
664 2123 787 2188 misma
801 2122 886 2208 plebi
900 2119 1007 2186 stabat
1021 2143 1192 2186 commune
1206 2123 1398 2206 sepulerum,
1511 2116 1542 2177 10

574 2232 753 2298 Pantolabo
767 2253 887 2298 soni-rm
900 2233 1170 2316 Nomentanoque
1184 2234 1307 2317 nepoti.

575 2343 669 2408 Mille
683 2343 780 2427 pedes
794 2343 829 2407 in
844 2344 959 2422 fronte,
975 2352 1136 2408 trecentos
1149 2345 1262 2428 cippus
1275 2344 1312 2407 in
1326 2363 1435 2426 ugrum

576 2455 642 2519 Hic
656 2454 763 2534 dabat,
778 2453 912 2518 heredes
924 2462 1172 2518 monumentum
1185 2475 1228 2517 ne
1242 2462 1434 2537 sequeretur.

574 2565 674 2630 Nunc
688 2563 764 2628 licet
779 2563 932 2648 Esquiliis
946 2563 1093 2628 babitare
1106 2563 1289 2628 salubribus
1303 2573 1400 2647 atque

574 2675 750 2759 Aggerein
765 2675 873 2758 aprico
886 2674 1027 2758 spatiari,
1043 2695 1108 2757 qno
1120 2674 1219 2739 modo
1232 2676 1344 2739 tristes
1510 2668 1541 2728 15

573 2787 667 2852 Albis
682 2785 851 2851 informem
867 2785 1055 2870 spectabant
1069 2785 1194 2850 ossibus
1209 2807 1348 2869 agrum3

575 2898 658 2962 cam
673 2895 754 2960 mihi
768 2917 834 2960 nou
848 2903 978 2960 tantum
989 2895 1139 2979 furesque
1152 2896 1294 2979 ferreque
1308 2900 1408 2960 su'e‘tae

574 3007 673 3070 Hunc
687 3027 799 3070 vexare
813 3006 921 3070 locum
935 3025 1022 3070 curie
1035 3014 1113 3069 sunt
1126 3015 1224 3089 atque
1238 3005 1355 3086 labori,

364 3157 412 3188 m,
459 3175 494 3188 ..
530 3173 536 3187 .
574 3116 742 3183 Quantum
756 3115 950 3180 carminibus
964 3137 1038 3198 qaas
1052 3123 1178 3178 versant
1192 3123 1291 3198 atque
1303 3117 1432 3181 venenis

575 3227 745 3292 Humanos
759 3225 901 3290 mimos:
924 3225 983 3290 bas
997 3225 1087 3288 nullo
1099 3225 1232 3308 perdere
1245 3247 1378 3309 possum
1510 3219 1545 3279 20

574 3338 646 3403 Nec
660 3335 827 3421 prohibere
842 3335 948 3414 modo,
963 3335 1060 3399 simul
1075 3355 1112 3398 ac
1126 3357 1207 3419 vaga
1221 3335 1318 3400 Luna
1333 3339 1477 3402 decorum

574 3448 714 3513 Protulit
728 3468 774 3524 os,
790 3446 870 3530 quin
884 3465 957 3509 ossa
970 3445 1079 3528 legant
1092 3443 1271 3529 herbasque
1286 3455 1447 3513 nocentes.

573 3555 650 3620 vidi
665 3565 791 3640 egomet
807 3557 901 3639 nigra
913 3555 1110 3620 succinctam
1125 3555 1240 3620 vadere
1253 3557 1341 3640 palla

573 3666 740 3731 Canidiam
756 3667 890 3751 pedibus
904 3665 1000 3729 nodis
1014 3686 1168 3749 passoque
1184 3667 1311 3750 capillo,

574 3781 659 3844 (lum
675 3777 801 3862 Sagana
814 3777 935 3861 majore
950 3776 1151 3855 ululantem3
1174 3777 1277 3860 pallor
1290 3785 1443 3861 utrasque
1515 3771 1548 3832 25

574 3889 706 3956 Fecerat
720 3887 893 3953 horrendas
907 3887 1070 3970 adspectu.
1116 3889 1264 3972 Scalpere
1278 3896 1401 3955 terram

575 4003 748 4088 Unguibus
762 4010 795 4065 et
809 4001 932 4087 pullam
945 4001 1093 4065 divellere
1107 4001 1268 4064 mordicus
1282 4024 1402 4086 agnam

575 4117 766 4200 Coepenmt5
790 4133 884 4176 cruor
897 4113 933 4176 in
946 4112 1064 4176 fossam
1079 4113 1241 4191 oonfiism,
1257 4120 1296 4176 nt
1310 4114 1389 4179 inde

574 4226 690 4292 Manes
704 4225 865 4302 elicerent,
881 4223 1004 4287 animas
1018 4244 1168 4307 responsa
1181 4222 1322 4288 daturas.

575 4334 956 4419 Laneseteffigieserat,
972 4333 1073 4397 altera
1086 4354 1197 4397 cerea:
1223 4334 1328 4417 major
1519 4326 1552 4390 30

576 4447 685 4511 Lanae
701 4467 772 4531 qnoe
787 4444 891 4530 poenis
905 4451 1120 4525 compesceret
1133 4443 1336 4521 inferiorem

575 4558 676 4623 Ocrea
689 4555 873 4643 suppliciter
886 4552 1002 4631 stabat,
1018 4553 1184 4618 servilibus
1198 4560 1236 4617 nt
1251 4575 1323 4637 quae

934 4704 971 4752 15.
990 4717 1049 4764 qua,
1064 4705 1131 4751 licut.
1145 4705 1206 4763 maij.
