3450 5667
506 759 742 822 errrorem!
778 760 857 820 ΗΒ.
887 761 914 821 Ι.
944 780 972 820 x.
1300 761 1348 816 161

205 929 352 1011 Suavior,
368 937 405 995 ut
421 929 504 995 Chio
518 937 598 998 nota
611 931 638 995 si
653 931 827 996 commixta
840 931 967 995 Falerni
982 935 1043 994 est.
1151 949 1197 990 ue.
1207 947 1231 990 c.
1241 947 1260 988 a
1270 949 1319 988 as

149 1041 183 1102 25
206 1043 290 1106 Cum
303 1063 413 1106 ²uersus
427 1041 526 1105 incias
538 1067 549 1120 3
571 1049 606 1105 te
619 1042 726 1126 ipsum
740 1049 921 1126 percontor,
936 1061 979 1104 an
992 1047 1026 1103 et
1040 1058 1115 1102 curn

207 1153 371 1216 Duretibi
384 1151 566 1236 peragenda
581 1153 627 1216 rei
642 1153 685 1216 sit
700 1173 796 1218 causa
810 1153 942 1216 Petilli?
1151 1161 1316 1204 ⁸⁶1³·ss*

209 1263 339 1326 Scilicet
352 1263 474 1327 oblitus
487 1263 662 1346 patriaeque
675 1263 849 1348 patrisque,
866 1263 984 1328 Latine

211 1373 294 1436 Cum
309 1373 427 1438 Pedius
442 1395 554 1438 canses
569 1373 702 1438 exsudet
716 1374 880 1458 Poplicola
893 1381 989 1456 atque

212 1485 376 1562 Corvinus,
390 1485 503 1568 patriis
517 1485 736 1549 intermiscere
749 1485 851 1568 petita

156 1597 194 1656 30
213 1595 318 1658 Verba
332 1595 407 1658 foris
420 1595 525 1672 malis,
541 1595 696 1658 Canusini
711 1615 800 1658 more
820 1594 984 1677 bilinguis.

215 1707 319 1788 Atque
334 1727 392 1789 ego
407 1727 480 1769 oum
498 1707 629 1770 Graecos
642 1705 778 1770 facerem
793 1715 891 1770 natus
904 1727 992 1768 mare
1007 1704 1088 1769 citra

216 1815 404 1894 Versiculos,
418 1817 522 1879 vetnit
537 1837 589 1880 me
604 1816 661 1879 tuli
675 1837 752 1880 voce
768 1817 933 1895 Quirinus,

216 1926 290 1989 Post
303 1925 440 1990 mediam
455 1935 583 1990 noctem
597 1927 694 2006 visus,
710 1947 785 1991 cum
799 1927 925 1991 somnia
939 1947 1033 1990 vera:

221 2036 259 2098 ln
273 2036 382 2099 silvam
397 2057 463 2100 non
477 2037 566 2121 ligna
579 2038 662 2102 feras
675 2037 819 2100 insanius
833 2057 871 2100 ac
886 2037 913 2099 si

166 2147 200 2206 35
220 2145 351 2230 Magnas
365 2147 553 2212 Graecorum
568 2148 662 2211 malis
677 2147 809 2231 implere
824 2155 977 2210 catervas.

219 2257 370 2341 'lurgidus
383 2259 521 2344 Alpinus
530 2259 659 2342 jugulat
675 2257 753 2322 dum
767 2257 947 2322 Memnone
961 2257 1103 2340 dumque

221 2366 357 2452 Delingit
371 2367 480 2430 Rheni
494 2367 621 2431 luteum
635 2375 741 2452 ceput,
756 2368 827 2432 hoec
841 2388 902 2451 ego
915 2367 1004 2445 ludo,
1157 2393 1203 2435 rur.
1213 2393 1238 2434 e.
1249 2392 1268 2433 1.
1276 2393 1309 2432 aa.
1318 2393 1339 2432 ι,

224 2477 298 2543 Quae
311 2500 413 2563 neque
427 2479 462 2542 in
476 2478 544 2543 sede
558 2487 673 2543 sonent
688 2479 846 2544 certantia
856 2478 966 2563 judice
980 2479 1093 2562 Tarpa,
1160 2509 1212 2552 w,
1223 2509 1249 2550 g
1260 2509 1284 2550 p,
1294 2509 1339 2549 ιιι,

222 2586 286 2650 Nec
299 2589 429 2653 redeant
443 2589 563 2651 iterum
578 2595 674 2670 atque
687 2589 806 2652 iterum
816 2588 989 2672 spectanda
999 2587 1145 2651 theatris.

175 2695 209 2754 40
225 2697 340 2780 Arguta
354 2699 523 2762 meretrice
537 2705 627 2782 potes
642 2700 796 2782 Davoque
812 2699 987 2762 Chremeta
1160 2735 1209 2778 «η.
1219 2723 1245 2764 n.
1255 2723 1276 2765 ι.
1285 2723 1316 2764 ιι
1326 2723 1359 2764 ιι.

227 2809 372 2876 Eludente
387 2833 496 2876 senem
511 2812 611 2875 comis
625 2812 745 2894 garrire
760 2811 884 2876 libellos
1159 2852 1210 2894 μ’.
1220 2839 1242 2880 s.
1252 2840 1300 2880 aa.
1310 2839 1343 2880 π.

228 2921 312 2987 Ullus
325 2925 478 3000 Vivorum,
496 2923 643 2988 Fundani
655 2949 664 3000 3
690 2923 793 2988 Polll0
806 2943 920 3005 regum
1161 2956 1212 2998 μοι,
1222 2956 1246 2998 ο,
1256 2957 1275 2998 2,
1286 2957 1304 2996 ι,
1314 2957 1334 2996 ο,

228 3030 316 3097 Facta
329 3036 413 3099 canit
428 3033 508 3118 pede
524 3041 574 3097 ter
588 3054 757 3117 pereuss03
780 3033 863 3096 forte
877 3053 953 3116 epos
968 3053 1041 3096 aeer
1162 3084 1208 3116 aa.
1219 3073 1245 3114 Ε,
1255 3073 1274 3114 2,
1285 3071 1355 3112 Lm,

230 3141 271 3206 Ut
283 3165 374 3210 nemo
388 3145 507 3209 Varius
522 3144 629 3223 ducit3
653 3144 750 3207 molle
767 3151 864 3225 atque
877 3143 1019 3207 facetum

181 3251 212 3309 li
229 3251 351 3338 Virgilio
365 3263 550 3320 annuerunt
565 3255 742 3339 gaudentes
755 3275 830 3318 rure
845 3255 1007 3318 Camenoe.

233 3359 295 3428 Hoc
307 3379 383 3448 erat,
398 3375 530 3452 experto
544 3367 664 3430 frustra
678 3365 824 3430 Varrone
839 3365 978 3428 Atacino

233 3475 325 3558 Atque
340 3477 530 3561 quibusdam
546 3477 626 3556 aliis,
640 3477 754 3541 melius
764 3475 850 3559 quod
865 3477 1002 3541 scribere
1012 3498 1149 3560 possem,

235 3581 390 3652 Inventore
404 3589 532 3667 minor3
554 3609 659 3672 neque
673 3608 734 3670 ego
749 3587 796 3650 illi
811 3587 978 3650 detrahere
993 3587 1096 3651 ausim
1163 3624 1207 3664 m,
1218 3621 1239 3662 Β,
1249 3623 1268 3662 2⁸
1279 3621 1297 3660 ι,
1308 3622 1340 3659 ω,

235 3691 405 3763 Haerentem
421 3699 518 3782 capiti
532 3720 607 3762 cum
622 3697 727 3762 multa
740 3697 834 3761 laude
849 3717 1012 3761 coronam.

188 3797 219 3860 50
235 3803 272 3866 At
283 3805 344 3871 dixi
359 3809 457 3873 fluere
471 3809 558 3872 huno
573 3809 782 3886 lutulentum,
798 3829 883 3892 saepe
897 3807 1052 3872 ferentem

236 3912 317 3982 Plura
331 3920 459 4003 quidem
475 3919 616 3984 tollenda
629 3918 858 4003 relinquendis.
903 3921 984 4003 Age,
1001 3939 1118 4003 queso,

235 4021 276 4088 'ln
287 4029 362 4093 nihil
375 4031 410 4094 iu
424 4051 544 4114 magno
558 4029 671 4094 doctus
686 4029 891 4113 reprehendis
906 4030 1075 4094 Homero?

237 4133 284 4200 Nil
296 4143 391 4205 comis
404 4141 520 4225 tragici
535 4151 641 4204 mutat
657 4142 802 4205 Lucilius
817 4142 923 4206 Acci?
1165 4169 1217 4210 ree.
1227 4166 1275 4206 ni
1292 4165 1310 4204 ι.

237 4242 301 4314 Nou
313 4254 394 4317 ridet
408 4274 517 4317 versus
532 4253 621 4316 Enni
635 4252 791 4336 gravitate
806 4252 957 4330 minores,
1168 4219 1262 4357 anni}

164 4379 165 4386 ’
194 4355 222 4414 55
238 4359 306 4428 Cum
319 4367 358 4432 de
372 4391 406 4432 se
420 4367 565 4451 loquitur
579 4387 645 4430 non
659 4375 698 4429 ut
712 4366 833 4449 majore
849 4365 1034 4449 reprensisl
1256 4347 1262 4358 ’

241 4471 311 4540 Quid
324 4486 409 4543 vetat
424 4487 457 4542 et
472 4485 601 4544 nosmet
616 4477 722 4542 Lucili
736 4477 854 4561 scripta
870 4478 1013 4558 legentes

1277 4196 1281 4204 .
1321 4166 1353 4204 fid.

1265 4215 1287 4256 Ρ.
1338 4245 1342 4253 .

1272 4265 1362 4304 autu

1273 4316 1291 4357 P
1347 4345 1352 4356 .

241 4581 380 4664 Querere,
395 4611 474 4654 num
489 4590 587 4668 illius,
601 4611 681 4654 uum
696 4609 803 4652 rerum
819 4587 901 4650 dura
915 4583 1040 4666 negarit

322 4753 360 4799 24.
373 4751 385 4800 l
398 4751 536 4800 Falernist.
604 4749 644 4800 27.
662 4751 765 4806 oblitos,
778 4749 806 4798 B.
820 4749 900 4807 conj.,·
926 4745 1021 4796 Latini.
