3450 5667
522 773 759 834 SATIRARUM
794 776 873 835 ΜΒ.
901 777 946 838 ΙΙ.
977 777 1014 835 vi.
1075 799 1080 808 ·
1329 778 1386 833 lus

144 921 193 984 70
219 920 361 985 Pocula
374 941 431 986 sen
446 920 579 986 modieis
593 924 716 988 nvesmt
730 924 844 988 laetius.
890 926 978 1009 Ergo
1184 956 1234 987 m.
1244 944 1298 990 us
1307 947 1327 988 s.
1339 946 1374 989 ss.

221 1033 355 1097 Sermo
369 1033 483 1112 oritur,
498 1054 565 1098 non
580 1033 619 1098 de
634 1035 717 1098 ullis
732 1035 918 1100 domibusve
932 1037 1056 1113 alienis,

220 1144 307 1207 Nec
323 1143 411 1206 male
424 1164 527 1208 necne
541 1145 646 1229 Lepos
660 1145 755 1209 saltet
764 1173 775 1224 3
790 1145 844 1210 sed
855 1145 943 1229 quod
950 1147 1053 1227 magis
1062 1146 1103 1210 ad
1113 1167 1173 1210 nos

222 1253 388 1318 Pertinet
402 1261 435 1318 et
448 1253 571 1318 nescim
586 1255 707 1319 malum
722 1264 771 1320 est
787 1256 967 1340 agitamus:
990 1263 1142 1321 utrumne

222 1363 371 1428 Divitiis
385 1363 531 1428 homines
546 1387 586 1428 en
601 1365 668 1429 sint
681 1366 800 1430 virtute
814 1366 920 1446 beati3

154 1479 198 1538 75
227 1475 369 1542 Quidve
383 1475 424 1538 ad
438 1475 605 1554 amicitias,
621 1497 698 1540 ustas
712 1483 890 1556 rectumne,
905 1477 1014 1541 trahat
1027 1498 1108 1556 nos;

226 1587 277 1650 Et
294 1607 372 1670 qnae
386 1587 429 1649 sit
442 1593 559 1650 natura
572 1585 650 1650 boni
664 1609 891 1672 summumque
905 1588 983 1671 quid
998 1590 1078 1672 ejus.

227 1696 376 1760 Cervius
389 1695 458 1760 haec
472 1697 557 1760 inter
570 1695 695 1760 vicinus
709 1697 810 1780 garrit
825 1697 926 1762 aniles
1186 1725 1236 1767 μ.
1246 1714 1268 1756 s.
1278 1714 1298 1757 1.
1308 1713 1340 1755 lo.
1352 1714 1387 1756 u.

228 1807 286 1871 Ex
301 1827 342 1870 re
356 1805 497 1870 fabellas.
545 1807 579 1871 si
595 1807 754 1890 quisnam
771 1807 882 1871 laudat
896 1807 998 1872 Arelli
1187 1825 1248 1864 Μ
1257 1814 1279 1856 ⁸·
1288 1815 1308 1857 ²
1318 1815 1386 1904 ³3¹¹&

230 1917 404 1982 sancita
417 1918 547 2001 ignarus
561 1939 648 2001 opes,
664 1917 709 1982 nc
723 1918 857 2003 incipit:
883 1919 971 1984 oum
1186 1914 1388 2007 „stult”-

158 2033 205 2093 80
231 2029 397 2112 Rusticus
410 2029 570 2092 urbanum
584 2051 710 2094 murem
724 2049 798 2094 mus
811 2051 950 2114 paupere
964 2030 1068 2095 fertur

229 2140 412 2224 Accepisse
427 2161 513 2218 cavo,
529 2147 669 2204 veterem
683 2147 776 2204 vetus
791 2140 907 2224 hospes
922 2141 1073 2220 amicum,

230 2253 393 2334 Asperat
408 2257 550 2313 attentus
566 2249 715 2332 quaesitis,
731 2257 893 2314 attamen
908 2259 1016 2314 artum
1188 2267 1231 2308 ss.
1241 2265 1268 2308 s.
1278 2265 1297 2308 ι,
1306 2267 1326 2308 s.
1336 2267 1370 2310 u.

232 2361 387 2424 Solveret
400 2359 547 2443 hospitiis
562 2360 715 2423 animum.
750 2361 838 2427 Quid
852 2361 983 2426 multa?
1005 2383 1109 2446 neque
1121 2362 1176 2426 ille

234 2471 383 2555 Sepositi
398 2471 509 2535 ciceris
523 2491 584 2534 nec
598 2471 704 2554 longas
718 2469 832 2535 invidit
847 2493 977 2551 avenae3

160 2588 205 2646 85
232 2581 380 2647 Aridum
395 2589 429 2644 et
443 2602 497 2645 ore
511 2581 617 2644 ferens
632 2581 760 2644 acinum
775 2602 960 2664 semesaque
975 2581 1055 2646 lardi

233 2693 359 2757 Frusta
372 2690 470 2768 dedit,
485 2691 616 2774 cupiens
630 2690 717 2754 varia
730 2690 859 2755 fastidia
874 2713 954 2754 cena
1183 2711 1232 2763 su.
1242 2711 1269 2754 a.
1278 2712 1297 2754 s.
1308 2713 1326 2753 1.
1335 2713 1381 2755 ns.

232 2803 379 2902 Vincere
393 2801 556 2883 tangentis
571 2801 654 2864 male
669 2800 796 2884 singula
810 2800 907 2865 dente
921 2801 1057 2884 superbo
1071 2827 1079 2865 ε

234 2913 325 2976 Cum
339 2919 431 2995 pater
444 2912 511 2996 ipse
526 2911 639 2975 domus
653 2911 745 2995 pales
758 2919 924 2995 porrectus
937 2913 973 2974 in
987 2912 1090 2976 horna
1184 2917 1236 3000 {2¹7-
1246 2907 1267 2947 ἢ
1277 2908 1296 2948 ²·
1305 2909 1325 2946 ⁸·
1335 2908 1355 2949 ⁷·

234 3025 336 3088 Esset
351 3022 428 3086 ador
442 3023 627 3104 loliumque,
644 3021 734 3105 dapis
748 3022 882 3086 meliora
894 3022 1087 3106 relinquens.
1230 2957 1269 3000 ’θ’
1279 2960 1298 2998 ³⁶
1308 2959 1340 2998 η’
1349 2959 1370 2999 ³⁸

162 3137 211 3200 90
235 3133 386 3199 Tandem
400 3133 542 3198 urbanus
557 3133 597 3198 ad
614 3134 721 3196 hunc:
757 3132 845 3200 Quid
871 3142 904 3197 te
924 3135 1029 3217 juvat,
1056 3136 1174 3218 inquit,

393 3245 504 3322 amice,

238 3355 401 3439 Praerupti
414 3355 554 3420 nemoris
568 3355 744 3439 patientem
758 3354 864 3420 vivere
879 3355 999 3420 dorso?

236 3469 303 3532 Vis
316 3475 353 3530 tu
369 3467 514 3531 homines
528 3465 704 3550 urbemque
718 3466 793 3530 feris
807 3487 991 3550 praeponere
1004 3467 1115 3532 silvis?
1188 3503 1230 3555 m,
1239 3502 1259 3544 Β,
1271 3504 1289 3545 1⁴
1298 3504 1319 3546 0·
1328 3505 1361 3547 ω,

237 3582 346 3662 Carpe
361 3578 454 3656 nam,
471 3577 668 3655 mihicrede,
685 3599 802 3656 comes,
818 3579 982 3642 terrestria
996 3579 1124 3662 quando

235 3689 397 3754 Mortales
412 3690 534 3752 animas
549 3689 660 3752 vivunt
675 3688 790 3752 sortita
804 3709 910 3772 neque
924 3689 990 3753 ulla
1003 3699 1053 3754 est

163 3807 210 3866 95
234 3804 309 3866 Aut
323 3821 442 3884 magno
456 3806 513 3862 aut
528 3821 623 3882 parvo
636 3798 694 3863 leti
709 3799 803 3883 fuga:
829 3821 904 3883 quo,
919 3799 1013 3879 bone,
1029 3801 1123 3882 circs,

235 3913 331 3976 Dum
345 3911 431 3988 licet,
447 3911 483 3973 in
498 3911 592 3974 rebus
604 3910 757 3994 jucundis
770 3911 840 3974 vive
854 3910 980 3990 beatus,

234 4023 323 4088 Vive
338 4043 461 4085 memor
475 4043 571 4105 quam
586 4021 631 4085 sis
646 4022 702 4085 aevi
720 4021 832 4086 brevis.
880 4023 962 4087 Haec
977 4023 1033 4087 ubi
1047 4023 1134 4089 dicta
1188 4060 1220 4103 st·
1231 4050 1254 4092 c.
1265 4050 1284 4090 1.
1294 4051 1355 4091 ns.

234 4137 414 4216 Agrestem
428 4133 588 4216 pepulere,
604 4132 699 4196 domo
712 4130 791 4196 levis
806 4133 932 4212 exsilit;
955 4133 1031 4200 inde
1231 4101 1258 4143 Ε
1268 4103 1370 4193 ¹·i1.¹is³.

233 4243 349 4309 Ambo
363 4242 558 4326 pmpositum
575 4249 733 4326 peragunt
746 4243 820 4320 iter,
835 4244 924 4308 urbis
939 4254 1068 4309 aventes

168 4354 368 4420 louMoenia
382 4353 531 4418 nocturni
547 4352 728 4436 subrepere.
773 4355 912 4438 Jamque
926 4356 1058 4420 tenebat

232 4467 315 4530 Nox
330 4463 473 4528 medium
489 4463 558 4528 eaeli
572 4464 722 4547 spatium,
737 4485 811 4528 cnm
826 4467 918 4550 ponit
933 4474 1068 4550 uterque

232 4578 277 4642 ln
293 4575 455 4659 locuplete
469 4574 565 4638 domo
581 4575 721 4658 vestigia,
736 4576 833 4640 rubro
848 4577 906 4640 ubi
921 4598 1016 4642 cocco

477 4745 517 4798 73.
537 4749 692 4798 imalumst.
759 4751 800 4800 et.
819 4751 932 4800 iullast.
