3450 5667
465 775 751 833 EPJsrotAnt'M
787 774 866 830 LIB.
895 773 922 830 Ι.
952 769 1009 828 xri.

213 921 316 983 Serret
330 920 361 982 in
378 917 541 1002 ambiguo,
558 918 612 1001 qni
627 918 765 982 consulit
779 925 812 981 et
827 918 887 982 tibi
902 927 936 982 et
950 917 1034 996 urbi,

212 1030 232 1090 J
233 1031 370 1114 uppiter3
394 1030 534 1112 Augusti
551 1027 660 1091 laudes
675 1049 845 1111 agnoscere
858 1029 980 1112 possis:

161 1139 193 1198 30
213 1139 289 1202 Cum
305 1140 419 1224 pateris
433 1140 561 1223 sapiens
575 1139 825 1222 emendatusque
839 1138 956 1216 vocari,

214 1249 428 1332 Respondesne
443 1257 511 1327 tuo,
531 1249 582 1311 dic
597 1248 700 1326 sodes,
717 1247 873 1311 nomine?
917 1248 1045 1332 Nempe

214 1357 378 1422 virbonus
393 1367 427 1423 et
441 1358 579 1442 prudens
594 1357 657 1421 dici
671 1357 813 1421 delector
827 1379 888 1440 ego
902 1379 940 1422 ac
953 1365 1002 1420 tu.

217 1468 276 1533 Qui
290 1469 373 1532 dedit
391 1469 452 1532 hoc
466 1468 572 1546 hodie,
589 1489 669 1544 cres,
685 1469 711 1530 si
726 1469 820 1546 volet,
838 1469 970 1544 auferet,
984 1467 1061 1532 utsi

216 1577 364 1644 Detulerit
380 1580 479 1643 fasces
493 1579 638 1662 indigno,
654 1577 801 1642 detrahet
815 1577 915 1654 idem,
1143 1613 1176 1654 μ
1186 1602 1211 1642 c.
1220 1603 1269 1644 aa
1278 1603 1311 1642 n.
1387 1628 1390 1633 ⁴

163 1685 197 1746 35
218 1687 307 1766 Pone,
322 1711 426 1753 meum
442 1696 512 1766 est;
535 1688 651 1771 inquit.
696 1689 786 1751 Pono
801 1688 965 1770 tristisque
978 1685 1103 1750 recedo.

218 1797 302 1861 Idem
317 1799 343 1862 si
357 1801 472 1864 clamet
486 1800 601 1876 furem,
617 1805 713 1880 neget
727 1818 794 1860 esse
808 1797 972 1880 pudicum,

220 1907 386 1972 Contendut
399 1911 513 1993 laqueo
529 1910 645 1974 collum
661 1909 810 1993 pressisse
824 1919 993 1992 paternum
1005 1935 1015 1987 3

221 2017 358 2082 Mordeat
371 2019 549 2103 opprobriis
563 2019 649 2082 falsis
665 2027 851 2100 mutemque
866 2018 1012 2082 colores?

223 2129 324 2192 Falsus
336 2130 436 2194 honor
446 2131 539 2212 jurat
554 2137 588 2194 et
602 2128 738 2192 mendax
752 2129 886 2192 infamia
906 2137 1006 2193 terret

169 2241 203 2299 40
222 2241 319 2306 Quem
332 2243 391 2306 nisi
404 2242 595 2306 mendosum
610 2251 643 2305 et
659 2240 909 2304 medicandum?
954 2241 1016 2304 Vir
1029 2240 1135 2304 bonus

401 2362 448 2416 est
463 2353 559 2435 quis?

224 2459 281 2525 Qui
295 2464 434 2527 consulta
448 2473 588 2547 patrum,
604 2463 659 2546 qui
674 2463 760 2546 leges
772 2463 910 2546 juraque
924 2470 1038 2542 servat,

224 2569 289 2634 Quo
302 2573 407 2637 multae
421 2594 610 2656 megnaeque
624 2583 772 2637 secautm
780 2574 889 2656 judice
903 2575 986 2652 lites,
1148 2600 1192 2630 aee·
1202 2589 1224 2629 8·
1234 2589 1253 2628 1·
1262 2588 1294 2628 ¹⁰·
1304 2587 1336 2628 m

226 2679 291 2744 Quo
304 2703 352 2744 res
365 2703 514 2766 sponsore
528 2691 562 2746 et
576 2705 639 2765 quo
654 2705 756 2748 causes
769 2693 852 2748 teste
866 2693 1029 2748 tenentur.

228 2789 282 2852 Sed
294 2791 375 2856 ridet
389 2794 475 2857 hunc
490 2794 594 2857 omnis
608 2793 722 2858 domus
737 2801 771 2858 et
785 2794 901 2858 vicima
915 2802 984 2858 tota

176 2897 208 2954 45
227 2896 392 2964 introrsum
406 2911 544 2986 tus-pem,
561 2905 738 2987 speciosum
752 2903 834 2988 pelle
850 2904 972 2967 decora.
1147 2916 1194 2968 ret
1204 2915 1225 2956 ⁸·
1234 2916 1254 2955 ²-
1264 2915 1282 2954 ¹·
1291 2915 1325 2954 Μ

226 3005 287 3071 Nee
300 3009 415 3076 furtum
430 3013 491 3077 feei
506 3033 565 3076 nec
580 3014 659 3096 fugi,
675 3014 702 3076 si
717 3013 796 3078 mihi
810 3014 897 3078 dicat

226 3117 337 3198 Servus,
353 3123 462 3187 Habes
479 3125 629 3207 pretium,
646 3123 723 3188 loris
736 3145 802 3188 non
817 3125 929 3202 ureris,
946 3125 1007 3189 sio.
1151 3154 1198 3185 m.
1208 3143 1249 3194 sp.
1259 3144 1278 3183 4,
1288 3144 1309 3182 a.

227 3225 295 3293 Nou
307 3231 465 3297 hominem
482 3233 593 3297 occidi.
637 3233 716 3298 Non
729 3255 837 3318 pasces
852 3235 887 3298 in
902 3256 995 3298 cruce
1018 3255 1137 3297 corvos.
1152 3271 1198 3300 m.
1208 3258 1229 3298 s.
1240 3259 1259 3298 1.
1267 3259 1287 3298 a.
1297 3257 1330 3296 ss.

231 3339 298 3405 Sum
312 3343 411 3407 bonus
425 3353 458 3408 et
472 3345 568 3428 frugi.
615 3345 736 3408 Renuit
750 3346 937 3428 negitatque
950 3345 1096 3409 Sabellus
1109 3371 1116 3408 :
1147 3331 1340 3424 ζξξρῗῄῗὼ,

184 3445 216 3504 50
233 3449 338 3516 Cautus
352 3457 437 3519 enim
452 3457 569 3519 metuit
583 3455 705 3519 foveam
721 3457 825 3539 lupus,
842 3457 1054 3540 accipiterque

232 3559 384 3646 Suspectus
398 3566 536 3649 loqueos,
553 3575 586 3630 et
600 3575 745 3649 opertum
764 3566 881 3630 miluus
894 3566 1037 3630 hamum.

231 3668 360 3739 Oderunt
374 3697 502 3760 peccare
517 3677 593 3742 boni
608 3677 735 3740 virtutis
751 3697 878 3754 amore;

231 3779 271 3842 Tu
283 3785 358 3849 nihil
373 3787 521 3860 admittes
535 3789 569 3851 in
584 3796 617 3850 te
631 3786 801 3851 formidine
814 3809 938 3871 poenae:

233 3889 274 3952 Sit
286 3916 350 3977 spes
363 3897 502 3976 fallendi,
518 3897 667 3961 miscebis
682 3919 771 3960 secra
785 3897 925 3980 profanis
936 3925 947 3975 5

185 3993 215 4052 55
233 3998 305 4066 Nam
319 4006 356 4070 de
369 4009 456 4072 mille
470 4008 552 4072 fabae
568 4007 682 4072 modiis
697 4029 770 4072 cum
785 4009 918 4091 smripis
932 4031 1045 4088 unum,

234 4108 377 4180 Damnum
392 4127 451 4196 est,
467 4139 533 4181 non
547 4118 680 4196 facinus,
697 4118 778 4181 mihi
792 4127 885 4201 pacto
898 4119 1003 4182 lenius
1024 4120 1097 4181 isto.

234 4217 283 4282 Vir
294 4224 400 4305 bonum,
416 4249 512 4292 omne
526 4227 633 4292 forum
649 4249 743 4312 quem
759 4237 883 4312 spectat
908 4237 942 4292 et
966 4250 1062 4292 omne
1085 4227 1142 4290 tri-

408 4337 516 4415 buual,

237 4438 492 4533 Quandocumque
507 4447 583 4512 deos
597 4449 647 4514 vel
661 4469 757 4533 porco
771 4448 821 4513 vel
834 4449 916 4513 bove
930 4448 1045 4531 placat,

236 4547 304 4616 Jane
316 4564 412 4638 pater,
429 4559 525 4635 clare,
541 4558 623 4622 clare
638 4580 713 4622 cum
727 4557 819 4636 dixit,
835 4558 963 4641 Apollo,
1154 4583 1336 4634 passsam.

178 4709 181 4800 i
245 4721 277 4771 ³5·
292 4725 435 4792 Qumis
448 4735 490 4782 0⁸i
501 4747 547 4780 om.
560 4731 593 4781 αἱ.
661 4732 699 4782 56.
719 4732 730 4782 t
742 4731 893 4781 damnumst
900 4751 908 4791 ς
920 4734 963 4780 cst
974 4747 1021 4780 om.
1033 4731 1068 4780 ut.

1131 4823 1154 4873 lt
