3450 5667
529 721 752 780 sarmul!
787 722 865 779 ΠΒ.
886 722 948 779 III.
970 720 1047 778 xxiv.

300 888 379 954 Nee
391 886 593 973 pestilentem
610 886 728 950 sentiet
742 886 890 951 Africum

302 999 457 1065 Fecunda
469 998 555 1075 vitis,
570 1017 631 1059 nee
645 996 787 1087 sterilem
801 1018 891 1079 seges

350 1109 554 1193 Robiginem,
571 1116 628 1171 out
642 1107 750 1171 dulces
764 1108 888 1171 alumni

392 1218 555 1283 Pomifero
568 1238 664 1301 grave
677 1224 805 1301 tempus
819 1240 914 1282 anno.

304 1356 407 1432 Num,
423 1376 493 1437 quae
507 1353 606 1417 nivali
620 1352 764 1435 pasoitur
776 1354 895 1437 Algido

306 1467 435 1531 Devota
448 1486 584 1549 quercus
596 1465 684 1528 inter
696 1472 731 1527 et
744 1464 843 1543 ilices,

353 1578 422 1640 Aut
436 1575 550 1639 erescit
564 1574 699 1639 Albanis
713 1574 749 1637 in
762 1575 879 1654 herbis,

395 1686 550 1766 Victima,
565 1686 754 1769 pontificum
767 1708 894 1751 secures

309 1822 441 1887 Cersioe
453 1822 586 1904 tinget:
614 1821 661 1885 'l'e
675 1820 756 1883 nihil
769 1821 888 1886 attinet

308 1936 481 2017 Temptnre
495 1934 599 1996 multa
612 1931 700 1996 eaede
717 1932 896 1997 bidentium

357 2046 475 2110 Parvos
489 2052 697 2107 coronantem
711 2044 837 2107 murino

400 2156 487 2218 Rure
501 2154 577 2218 deos
590 2153 759 2237 fragilique
772 2161 890 2237 myrto.

310 2290 475 2355 Immunis
489 2312 578 2353 urum
592 2290 619 2353 si
633 2289 741 2371 tetigit
756 2311 884 2368 munus,

310 2404 393 2467 Non
407 2410 595 2485 sumptuoso
607 2400 756 2465 blandior
769 2400 877 2465 hostia

359 2512 502 2577 Mollivit
516 2532 640 2575 aversos
655 2512 793 2575 Penates

176 2630 223 2692 20
402 2624 498 2688 Farre
511 2623 565 2707 pio
579 2630 613 2686 et
626 2622 761 2686 saliente
782 2623 877 2686 miua.

620 3010 748 3074 XXIV.
764 3027 771 3044 ⁴

270 3148 434 3212 Inrncrrs
448 3144 627 3229 opulentior
696 3200 701 3207 .

318 3256 490 3321 Thesauris
502 3257 649 3321 Arabum
661 3264 696 3321 et
710 3254 819 3320 divitis
831 3255 946 3334 India,

271 3368 450 3434 Caementis
462 3368 537 3431 lioet
551 3388 686 3451 occupes

317 3480 494 3543 'l'errennm
508 3500 603 3543 omne
618 3480 683 3543 tuis
697 3485 731 3543 et
745 3499 833 3541 mare
847 3477 1023 3563 publicum,

203 3598 224 3657 5
274 3592 314 3655 si
328 3590 399 3673 figit
414 3588 634 3653 adamantinos

321 3700 463 3764 Summis
477 3700 647 3765 verticibus
662 3700 731 3763 dira
745 3701 929 3780 Necessitas

273 3814 402 3890 Clavus,
418 3834 483 3875 non
498 3813 641 3875 animum
655 3822 746 3875 metu

318 3924 399 3988 Non
412 3923 524 3987 mortis
538 3924 660 4006 laqueis
673 3923 820 4007 expedies
834 3929 941 4007 eaput.
1472 3994 1475 4003 ,

272 4028 480 4119 (ῘἎῙΠΡθὸῗΓέὓ
493 4035 608 4099 melius
623 4034 764 4118 scllhaes
1202 4084 1256 4114 ea..
1267 4071 1292 4113 c,
1303 4072 1322 4111 1.
1333 4072 1365 4111 os.
1374 4070 1396 4111 o.

180 4154 227 4217 10
321 4146 470 4213 Quorum
485 4146 627 4229 plaustra
640 4167 737 4229 vagas
750 4146 812 4208 rite
827 4145 961 4210 trahunt
979 4144 1100 4223 domos,

271 4257 412 4334 Vivunt,
428 4264 462 4320 et
475 4254 570 4338 rigidi
587 4257 697 4320 Getae:

320 4374 498 4436 Immetata
512 4370 625 4453 quibus
636 4371 751 4454 jugera
764 4370 879 4437 liberas
1203 4396 1401 4441 amassent

271 4484 402 4566 Fruges
416 4490 449 4545 et
464 4484 613 4547 Cererem
625 4482 745 4559 fenmt,

318 4594 396 4659 Nec
409 4592 536 4655 cultura
549 4592 651 4675 planet
665 4592 791 4675 longior
805 4612 929 4655 annua:

179 4752 261 4787 urm
279 4736 307 4787 7.
325 4730 527 4791 rubiginem.
561 4732 601 4778 13.
602 4732 727 4844 Atinguet.
826 4742 898 4778 mv.
913 4728 982 4791 Vulq.
994 4730 1187 4794 Tyrrhenum...

626 4812 662 4859 pu
673 4812 748 4845 rcum.

1141 4866 1164 4912 ll
