3450 5667
802 723 837 796 Q.
860 724 1018 782 Hoaart
1034 725 1180 783 moer

1045 944 1148 1009 VIII.

597 1083 705 1144 Cosso
720 1080 858 1164 gaudere
873 1090 907 1146 et
920 1081 1004 1147 bene
1018 1103 1087 1146 rem
1101 1103 1211 1166 gerere
1223 1080 1403 1146 Albinovano

596 1192 693 1255 Musa
707 1201 819 1275 rogata
833 1193 928 1272 refer,
941 1195 1052 1257 oomiti
1065 1194 1239 1278 scriwque
1250 1190 1387 1256 Neronia

383 1327 419 1368 u·
431 1315 455 1358 Β·
466 1315 484 1356 1-
494 1317 515 1357 ³·
525 1315 556 1358 ¹⁸·
597 1301 631 1362 Si
647 1309 779 1384 queret,
795 1301 873 1385 quid
887 1323 992 1386 agam,
1007 1303 1059 1366 dic
1073 1304 1178 1396 manlta
1190 1312 1223 1368 et
1235 1301 1357 1388 pulchra
1368 1299 1503 1362 minantem
1562 1346 1564 1349 .

380 1442 430 1484 ,η
440 1433 465 1472 o.
475 1433 494 1474 a.
505 1431 524 1472 1.
533 1433 566 1474 aa.
596 1411 713 1476 Vivere
726 1433 787 1476 nec
801 1421 888 1476 recte
902 1433 962 1477 uec
976 1413 1115 1477 suaviter
1123 1441 1133 1491 3
1156 1413 1242 1477 haud
1255 1411 1325 1495 quia
1336 1407 1439 1493 grando

383 1543 445 1574 m.
456 1533 476 1574 ἃ
486 1533 506 1576 ²·
515 1535 535 1573 ⁸·
545 1535 577 1574 ἃ
596 1521 789 1586 Contnderit
802 1522 884 1586 vites
898 1523 1064 1606 oleamque
1078 1524 1281 1588 momorderit
1294 1529 1392 1596 mona,
1511 1513 1524 1568 5

595 1633 666 1696 Nec
681 1631 756 1715 quia
769 1631 952 1715 longinquis
966 1641 1147 1696 armentum
1162 1642 1292 1717 aegrotet
1304 1633 1337 1695 in
1349 1630 1436 1714 agrio3

597 1743 660 1808 Sed
675 1743 751 1826 quia
765 1753 874 1808 mente
888 1743 996 1807 minus
1009 1743 1133 1807 validus
1147 1766 1244 1826 quam
1258 1762 1377 1826 corpore
1388 1748 1445 1801 toto

383 1879 434 1922 aar.
447 1880 470 1921 a.
481 1880 499 1922 r.
510 1880 568 1922 nau
596 1853 654 1918 Nil
668 1854 777 1918 audire
792 1855 899 1933 velim,
914 1855 962 1918 nil
975 1855 1105 1934 discere,
1121 1856 1208 1939 quod
1221 1857 1301 1920 leret
1313 1873 1434 1937 aegrum

596 1964 684 2028 Fidis
698 1965 841 2029 offendar
855 1965 997 2042 medicis,
1012 1966 1130 2029 uasear
1143 1967 1266 2045 amicis,

382 2107 429 2144 m,
441 2095 465 2136 a.
477 2095 495 2135 1.
505 2097 537 2136 aa.
548 2097 567 2136 a.
595 2077 663 2138 Cur
677 2097 728 2138 me
744 2075 870 2140 fannesto
884 2084 1055 2160 properent
1069 2097 1177 2140 arcere
1191 2085 1318 2141 veterno
1326 2101 1336 2152 ;
1501 2065 1529 2124 1⁰

595 2187 677 2252 Quae
693 2205 830 2248 nocuere
844 2207 969 2268 sequar,
985 2186 1108 2269 fugiam
1123 2209 1197 2270 quae
1210 2190 1332 2272 profore
1348 2183 1469 2254 credam

595 2297 707 2361 Romae
722 2297 823 2362 'Iibur
837 2319 942 2361 amem
956 2307 1119 2376 ventosus,
1134 2300 1253 2364 Tibure
1269 2303 1403 2364 Romam.

595 2409 673 2472 Post
688 2407 769 2486 huc,
783 2415 821 2471 ut
835 2409 950 2486 adeat,
966 2430 1031 2492 quo
1044 2417 1140 2493 pacto
1154 2431 1222 2474 rem
1238 2419 1326 2494 gerat
1337 2417 1368 2472 et
1379 2427 1416 2483 se,

381 2539 426 2580 aa.
438 2539 462 2580 a.
474 2541 491 2582 1.
501 2541 520 2581 a.
530 2541 550 2580 a.
596 2522 644 2584 Ut
660 2519 781 2602 placeat
792 2520 904 2603 juveni
917 2529 1104 2604 percontare
1120 2530 1218 2606 utque
1233 2522 1360 2586 cohorti·

594 2631 630 2694 Si
646 2631 742 2710 dicet,
759 2631 870 2708 Recte,
885 2632 1026 2714 primum
1041 2632 1191 2716 gaudem,
1207 2633 1340 2697 subinde
1503 2619 1529 2677 ¹5

594 2744 793 2824 Praeceptum
809 2741 960 2806 auriculis
973 2742 1034 2806 hoe
1047 2744 1203 2808 instillare
1217 2753 1388 2810 memento:

595 2853 642 2916 Ut
658 2859 695 2916 tn
709 2853 883 2932 fortunam,
899 2853 945 2918 sio
960 2875 1018 2918 nos
1032 2861 1075 2933 te,
1092 2855 1196 2934 Celso,
1211 2855 1356 2921 feremus.

1060 3246 1122 3310 IX.

595 3383 791 3459 scamaros,
807 3380 933 3459 Claudi,
948 3381 1101 3444 nimirum
1115 3381 1276 3464 intellegit
1289 3403 1379 3456 uuus,

595 3491 716 3557 Quanti
733 3513 785 3554 me
799 3491 919 3569 lacias3
940 3511 1017 3553 nam
1034 3511 1107 3554 cum
1123 3498 1215 3572 rogat
1229 3499 1263 3554 et
1278 3513 1369 3574 prece
1381 3483 1461 3567 cogit,
1562 3548 1563 3553 ,

381 3615 424 3653 rra.
453 3643 461 3702 '.
468 3612 573 3704 ¹1:⁰13?
594 3603 723 3666 Scilicet
737 3611 775 3666 ut
790 3601 849 3665 tibi
865 3623 899 3665 se
913 3601 1042 3665 laudare
1056 3609 1090 3664 et
1104 3601 1231 3664 tradere
1245 3623 1353 3681 coner,

593 3713 737 3796 Dignum
753 3721 862 3776 mente
877 3712 1035 3795 domoque
1050 3711 1185 3795 legentis
1199 3711 1335 3776 honesta
1354 3703 1480 3777 Nemnis,

593 3826 732 3888 Munere
747 3845 820 3887 cum
835 3824 928 3907 fungi
942 3825 1096 3908 propioris
1111 3832 1219 3887 censet
1234 3824 1340 3902 amici,
1526 3802 1535 3812 ”

595 3935 681 4001 Quid
697 3935 814 4018 possim
830 3934 917 3998 videt
931 3957 968 3997 ac
983 3935 1072 3998 novit
1085 3955 1138 4009 nne
1153 3934 1276 3997 valdius
1295 3935 1376 4018 ipso.

595 4047 703 4110 Multa
717 4045 846 4129 quidem
862 4045 939 4122 dixi,
954 4065 1012 4108 cur
1026 4052 1194 4108 excusatus
1210 4043 1354 4122 ablrem;

595 4157 658 4221 Sed
674 4157 779 4234 timui,
796 4177 868 4222 mea
881 4176 923 4218 ue
938 4156 1067 4219 finxisse
1082 4156 1207 4219 minora
1222 4162 1363 4237 putarer,

594 4267 819 4334 Dissimulator
833 4265 902 4348 opis
917 4265 1062 4349 proprias,
1078 4265 1159 4327 mihi
1173 4264 1360 4328 commodus
1374 4262 1434 4328 uni.

595 4381 649 4445 Sic
664 4400 723 4462 ego
739 4378 868 4463 majoris
882 4376 1008 4459 fugiens
1023 4375 1192 4459 opprobria
1207 4375 1308 4458 eulpae

594 4493 721 4558 Frontis
736 4493 777 4557 ad
791 4491 922 4556 urbanae
936 4490 1085 4554 descendi
1100 4489 1241 4573 praemia.
1287 4489 1385 4554 Quod
1398 4488 1422 4552 si

376 4610 429 4660 aad
443 4609 466 4650 E·
477 4613 495 4650 ²·
506 4611 524 4652 ¹·
534 4614 566 4652 ao.
593 4603 784 4686 Depositum
799 4603 910 4666 laudas
924 4601 965 4665 ob
980 4600 1074 4664 amici
1085 4603 1177 4684 jussa
1189 4599 1355 4683 pudorem,

379 4725 426 4766 ooo.
438 4727 461 4766 0-
474 4727 490 4766 1-
504 4727 519 4766 ²·
530 4727 561 4769 22¹·
595 4713 703 4780 Scribe
719 4715 766 4776 tui
783 4712 988 4795 gregishuuc
1003 4720 1036 4775 ot
1051 4712 1166 4775 fortem
1182 4711 1467 4792 credebonumqne.
1507 4711 1511 4719 ’
1562 4686 1564 4777 l
