3450 5667
744 698 777 774 0.
799 677 956 758 norm
978 699 1123 758 111001
1164 657 1197 740 -'

539 866 705 932 Nimirum
719 867 851 932 insanus
865 867 974 952 paucis
987 863 1297 949 rideatur,eoquod
1470 867 1533 928 120
1621 942 1622 949 ἵ

539 976 683 1040 Maxima
696 997 768 1060 pars
782 975 950 1040 hominum
964 977 1077 1042 morbo
1086 978 1230 1061 jactatur
1243 975 1365 1040 eodem.

328 1111 372 1142 m.
383 1098 406 1140 ⁰·
415 1099 436 1139 ²·
447 1099 477 1138 ¹⁴·
488 1099 520 1140 2⁵·
540 1087 638 1151 Filius
653 1095 710 1151 aut
724 1087 819 1150 etiam
835 1087 905 1152 haec
918 1087 1054 1152 libertus
1066 1095 1105 1178 ut
1119 1087 1227 1152 ebibat
1239 1086 1342 1164 heres,

327 1215 372 1257 aee.
382 1214 407 1257 1.
418 1215 437 1256 a.
447 1215 466 1256 1.
476 1213 507 1256 u.
540 1200 598 1262 Dis
613 1198 742 1262 inimice
757 1219 865 1276 senex,
880 1199 1046 1262 custodis?
1089 1199 1144 1262 Ne
1157 1199 1218 1264 tibi
1232 1197 1341 1261 desit?

540 1309 742 1377 Quantulum
757 1309 844 1373 enim
859 1330 994 1372 summae
1008 1309 1148 1374 curtabit
1163 1307 1297 1391 quisque
1310 1306 1446 1382 dierum,

538 1421 669 1503 Ungere
684 1420 711 1483 si
726 1419 831 1484 caules
845 1420 917 1484 oleo
929 1419 1060 1484 meliore
1074 1425 1232 1503 caputque
1334 1421 1343 1440 ‘
1470 1417 1532 1478 125

539 1531 682 1615 Coeperis
696 1530 822 1613 impexa
835 1530 958 1594 foedum
972 1530 1160 1613 porrigine?
1204 1530 1323 1605 Quare,

541 1643 577 1706 Si
592 1642 715 1724 quidvis
729 1641 808 1704 satis
822 1648 881 1718 est,
897 1641 1050 1724 perjuras,
1066 1639 1210 1723 surripis,
1224 1638 1329 1702 aufers

540 1751 716 1835 Undique?
761 1752 834 1815 'Iun
848 1751 971 1814 1111011
1015 1751 1174 1834 Populum
1188 1750 1216 1813 si
1230 1748 1351 1812 caedere
1364 1744 1447 1809 11111

540 1863 680 1947 Incipias
695 1881 847 1938 servosve,
863 1868 922 1924 tuo
936 1882 1017 1943 quos
1030 1881 1093 1924 aere
1106 1859 1238 1944 pararis,

541 1975 697 2037 Insanum
712 1981 745 2035 te
758 1991 871 2035 omnes
884 1971 976 2054 pueri
991 1970 1193 2052 clamentque
1207 1967 1338 2053 puellae:
1471 1970 1536 2029 130

540 2085 624 2148 Cum
638 2084 752 2166 laqueo
767 2102 900 2146 uxorem
914 2081 1079 2149 interemis
1093 2089 1292 2162 matremque
1305 2099 1438 2154 veneno,

540 2193 701 2260 Incolumi
716 2193 819 2276 capite
834 2193 894 2256 es?
940 2191 1029 2258 Quid
1042 2191 1155 2254 euim?
1198 2191 1314 2272 Neque
1328 2195 1367 2251 tu
1380 2187 1443 2251 hoc
1457 2187 1536 2250 facis

712 2302 821 2386 Argis,

539 2416 610 2479 Nee
626 2413 710 2477 ferro
724 2421 762 2475 ut
777 2411 909 2474 demens
924 2408 1118 2494 genetricem
1133 2407 1250 2472 occidis
1264 2408 1406 2472 Orestes.

539 2529 593 2590 An
607 2524 737 2588 tuteris
752 2543 826 2585 enm
841 2521 945 2584 occisa
957 2520 1112 2584 insanisse
1131 2529 1274 2604 parente,

539 2635 589 2698 Ac
603 2653 668 2696 non
683 2637 758 2694 ante
772 2629 866 2693 malis
881 2629 1064 2694 dementem
1079 2637 1187 2693 actum
1202 2630 1318 2707 Furiis,
1329 2649 1426 2711 quam
1472 2630 1535 2690 135

539 2743 582 2806 Iu
595 2741 709 2806 matris
720 2741 834 2825 jugulo
849 2740 970 2804 ferrum
984 2739 1133 2823 tepefecit
1147 2741 1304 2804 acutum?

540 2853 640 2932 Quin,
656 2875 694 2917 ex
710 2873 773 2936 qno
788 2859 837 2916 est
849 2851 980 2916 habitus
993 2851 1081 2915 male
1096 2859 1177 2915 tutae
1191 2852 1309 2915 mentis
1324 2852 1466 2928 Orestes,

539 2965 596 3029 Nil
612 2985 687 3028 sane
702 2964 778 3028 fecit
793 2963 878 3046 quod
893 2970 932 3026 tu
945 2962 1176 3046 reprehendere
1197 2963 1317 3046 possiet

538 3077 616 3140 Nou
632 3073 774 3159 Pyladen
789 3073 875 3136 ferro
888 3073 1006 3138 violare
1020 3093 1154 3138 aususve
1168 3093 1308 3138 sororem

539 3187 711 3262 Electram,
727 3191 856 3247 tantum
871 3181 1036 3246 maledicit
1049 3183 1176 3265 utrique
1189 3183 1333 3247 vocando
1472 3185 1539 3245 140

541 3297 636 3360 Hauc
652 3295 792 3372 Furiam,
808 3292 895 3357 hune
910 3292 1007 3370 allud,
1019 3293 1116 3375 jussit
1130 3293 1216 3376 quod
1229 3293 1394 3377 splendida
1407 3293 1490 3357 bilis.

330 3429 519 3478 141001028.
541 3407 667 3488 Pauper
681 3403 828 3487 Opimius
844 3401 969 3484 argenti
983 3403 1079 3486 positi
1093 3403 1182 3467 intus
1196 3411 1230 3468 et
1244 3405 1324 3482 auri,

540 3515 606 3582 Qui
620 3515 837 3578 Veientanum
851 3513 942 3578 festis
955 3522 1064 3597 potare
1078 3514 1190 3580 diebus

325 3641 375 3682 W·
387 3629 410 3722 g
417 3633 440 3722 1,
447 3633 524 3724 {⁰¹¹2
540 3625 702 3708 Campana
719 3623 831 3687 solitus
846 3622 944 3685 trulla
958 3644 1156 3706 vappamque
1169 3625 1328 3708 profestis,

540 3733 711 3801 Quondam
726 3733 871 3816 lethargo
885 3733 1000 3815 grandi
1014 3742 1064 3798 est
1078 3755 1256 3818 oppressus,
1270 3743 1309 3799 ut
1323 3736 1416 3800 heres
1472 3739 1538 3800 1-15

539 3847 560 3910 J
562 3867 613 3908 am
629 3845 748 3908 eircum
765 3833 885 3906 loculos
899 3849 932 3906 et
946 3843 1049 3907 claves
1062 3843 1155 3908 letus
1169 3866 1330 3928 ovansque

477 4003 479 4010 ,
540 3955 699 4017 Curreret.
746 3953 845 4016 Hunc
861 3951 1005 4016 medicus
1019 3953 1158 4018 multum
1173 3955 1257 4018 celer
1271 3961 1368 4036 atque
1389 3956 1492 4020 fidelis

428 4093 431 4100 ⁴
539 4065 668 4128 Excitat
683 4062 744 4126 hoc
759 4073 873 4145 pacto:
896 4083 1040 4126 mensam
1054 4064 1130 4146 poni
1141 4064 1235 4146 jubet
1246 4072 1342 4146 atque

538 4173 669 4240 Effuudi
684 4193 791 4236 saccos
804 4192 1020 4249 nummorum,
1035 4173 1184 4238 accedere
1196 4173 1303 4257 plures

541 4263 592 4349 lld
608 4281 860 4360 numerandum
882 4282 1047 4347 homiuem
1060 4283 1106 4348 sie
1122 4283 1238 4367 erigit;
1263 4283 1352 4346 addit
1366 4291 1400 4348 et
1414 4285 1517 4350 illud:

541 4399 586 4462 Ni
603 4404 660 4459 tua
674 4393 824 4470 custodis,
840 4392 951 4458 avidus
961 4395 1028 4478 jam
1043 4395 1113 4458 luec
1128 4395 1251 4458 auferet
1264 4394 1367 4458 heres.
1474 4403 1541 4465 151

671 4557 727 4602 129.
746 4550 885 4614 servosque
896 4556 963 4612 11101,
978 4551 1034 4618 (0).
1112 4555 1169 4602 131.
1186 4555 1321 4614 interimis,
1332 4557 1398 4615 crdp.

638 4622 694 4668 1³2.
711 4619 820 4680 quidni?
839 4634 922 4679 neque
934 4621 1003 4667 enim
1014 4621 1070 4677 hoc,
1084 4621 1153 4666 Bcnt.
1250 4618 1306 4669 137.
1325 4621 1435 4682 lquost.

722 4687 776 4733 139.
794 4699 908 4732 sororem
919 4689 968 4740 est,
983 4687 1050 4732 110111.
1119 4684 1175 4732 115.
1193 4683 1343 4746 lgrnndist.
