3450 5667
519 747 806 806 EPISPOLARUM
833 746 913 804 LIB.
940 746 985 804 11.
1007 745 1037 802 ii.
1326 741 1382 798 241

235 913 322 979 Qum
335 917 488 996 poterant
501 931 659 994 umquam
671 908 751 974 satis
765 929 941 994 expurgare
955 907 1079 984 cicutas,

234 1022 284 1086 Ni
298 1021 414 1087 melius
428 1021 569 1085 dormire
582 1027 693 1106 putem
708 1040 805 1102 quam
819 1017 956 1083 scribere
969 1017 1102 1082 versus?
1182 1027 1231 1070 dor·
1241 1026 1293 1069 Μ
1302 1026 1322 1068 ¹·
1334 1027 1354 1070 7-

175 1135 215 1195 55
238 1132 376 1215 Singula
388 1131 428 1196 de
441 1130 537 1195 nobis
551 1129 629 1193 anni
641 1127 827 1213 praedantur
840 1135 973 1206 euntes3

236 1241 393 1326 Eripuere
403 1242 505 1326 jocos,
520 1239 694 1317 Venerem,
711 1237 866 1316 convivia,
881 1237 994 1302 ludum
1006 1265 1016 1317 3

237 1351 392 1416 Tendunt
405 1359 595 1434 extorquere
608 1353 778 1433 poemata3
801 1347 878 1430 quid
893 1347 1009 1412 faciam
1023 1348 1097 1412 vis?

239 1461 389 1545 Denique
402 1483 468 1526 uon
481 1481 592 1526 omnes
606 1459 716 1524 eadem
731 1458 891 1522 mirantur
904 1466 1096 1542 amantque:

241 1571 441 1636 Canninetu
457 1571 587 1656 gaudes,
602 1569 656 1634 hie
669 1569 846 1633 delectatur
858 1568 985 1647 iambis,
1182 1569 1272 1614 ¹⁴¹*ss-
1283 1572 1300 1612 1·
1312 1571 1382 1613 Μ·
1423 1619 1425 1624 .

161 1683 224 1744 -60
243 1682 304 1746 lllc
317 1681 448 1746 Bioneis
461 1679 791 1746 sermonibusetsale
804 1679 909 1763 nigro.
1183 1687 1357 1730 “tw-M

242 1795 320 1858 'lies
333 1794 413 1858 milri
426 1794 566 1860 couvivae
579 1813 677 1876 prope
690 1790 858 1855 dissentire
871 1789 1032 1870 videntur,

243 1905 414 1968 Poscentes
428 1904 517 1969 vario
529 1903 671 1966 multum
685 1900 809 1966 diversa
822 1899 940 1983 palato.

245 2013 331 2080 Quid
345 2014 444 2079 dem?
467 2013 546 2098 quid
559 2033 625 2077 non
638 2012 738 2076 dem?
761 2010 872 2076 renuis
896 2017 944 2089 tu,
970 2009 1055 2094 quod
1076 2011 1173 2096 jubet

391 2123 493 2201 alten

246 2230 342 2297 Quod
354 2233 445 2316 petis,
460 2232 495 2297 id
509 2253 587 2297 sane
600 2239 650 2297 ost
663 2231 803 2298 invisum
817 2231 1008 2317 acidumque
1022 2233 1157 2301 duobus.

190 2341 228 2400 65
247 2341 366 2406 Praeter
378 2349 494 2422 cetera,
508 2363 562 2406 me
576 2341 731 2407 Romaene
745 2345 898 2427 poemata
912 2364 1021 2408 censes

248 2451 389 2517 Scribere
401 2473 494 2538 posse
506 2452 592 2517 inter
604 2460 656 2517 tot
669 2473 761 2516 curas
774 2460 890 2537 totque
903 2453 1054 2519 labores?

249 2561 312 2627 Hic
326 2585 477 2648 sponsum
490 2572 593 2643 vocat,
609 2563 663 2628 hie
678 2563 825 2629 auditum
839 2561 959 2650 scripte
971 2566 1092 2630 relictis
1186 2575 1368 2628 vrum-²³·
1473 2639 1476 2646 Ι

250 2673 403 2739 Omnibus
416 2675 549 2754 officiis3
572 2674 670 2739 cubet
683 2674 737 2739 bic
750 2675 787 2739 in
801 2675 881 2740 colle
898 2676 1037 2755 Quirini,
1188 2675 1234 2718 ⁰¹⁶·
1246 2675 1295 2767 ΒΞ
1305 2677 1325 2766 Ξ·
1335 2676 1380 2766 Ξξρ,

250 2781 312 2848 Hic
325 2793 466 2850 extremo
478 2785 514 2849 in
528 2785 700 2860 Aventino,
714 2784 865 2849 visendus
886 2793 1021 2869 uterque
1033 2812 1043 2864 ς

197 2893 233 2952 70
251 2893 417 2958 Intervalla
429 2893 517 2959 vides
531 2895 672 2960 humane
687 2893 866 2960 commoda.
909 2894 1034 2960 Verum

252 3002 341 3069 Purra
352 3013 427 3068 sunt
441 3005 565 3088 plateae,
579 3004 662 3068 nihil
675 3012 714 3070 ut
726 3003 957 3069 meditantibus
970 3005 1087 3072 obstet.

253 3111 389 3178 Festinat
402 3115 524 3180 calidus
538 3113 635 3178 mulis
649 3113 831 3198 gerulisque
849 3115 1042 3202 redemptor,
1189 3153 1236 3196 Μ,
1246 3151 1271 3194 0,
1280 3151 1326 3194 M,
1336 3153 1368 3193 μ,

251 3219 385 3305 Torquet
397 3243 485 3287 nune
498 3221 648 3306 lapidem,
659 3223 868 3306 nuncingens
877 3223 1026 3289 machina
1033 3225 1173 3310 tignum

252 3329 362 3398 Tristia
374 3334 513 3399 robustis
526 3335 695 3398 luctantur
707 3334 824 3398 funera
836 3334 998 3418 plaustris,
1190 3365 1353 3419 werec

200 3440 235 3499 75
255 3439 323 3506 Hac
334 3443 458 3509 rabiosa
471 3445 557 3529 legit
571 3445 669 3523 canis,
684 3443 745 3508 hac
758 3444 920 3510 lutulenta
934 3445 1000 3512 ruit
1014 3467 1087 3512 sus:

253 3549 271 3613 1
283 3571 365 3619 nunc
378 3563 412 3619 et
425 3575 535 3618 versus
548 3563 657 3619 tecum
671 3553 829 3619 meditare
843 3575 986 3620 canoros.

256 3661 443 3747 Scriptorum
455 3663 572 3729 choma
583 3664 688 3729 omnis
696 3671 784 3729 amat
792 3685 907 3729 nemus
917 3672 951 3729 et
958 3665 1042 3750 fugit
1050 3665 1174 3746 urbem,

255 3771 325 3838 Rite
338 3775 435 3840 cliens
448 3775 570 3840 Bacchi
584 3796 698 3840 somno
712 3774 883 3858 gaudentis
898 3783 931 3840 et
945 3776 1079 3843 umbra:
1189 3773 1221 3824 '⁸‘
1231 3771 1255 3813 ⁰·
1264 3771 1285 3862 Ξ
1293 3771 1355 3863 {⁶qu

254 3878 299 3945 'l'n
311 3905 361 3949 me
373 3885 459 3950 inter
472 3885 626 3970 strepitus
641 3892 817 3949 nocturnos
832 3893 928 3969 utque
944 3885 1075 3951 diurnos

202 3988 238 4051 80
253 3992 309 4058 Vis
321 4015 431 4062 canere
445 4003 479 4062 et
493 4004 659 4062 contracta
672 3995 762 4080 sequi
776 3997 911 4081 vestigia
924 3999 1060 4064 vatum?

255 4103 430 4189 Ingenium,
444 4107 506 4172 sibi
521 4107 608 4192 quod
621 4127 738 4171 vacuas
752 4105 931 4192 desumpsit
943 4109 1099 4188 Athenas,

255 4213 295 4277 Et
307 4217 417 4283 studiis
431 4237 532 4282 annos
546 4225 671 4302 septem
684 4216 774 4282 dedit
788 4217 993 4305 imenuitque

256 4323 399 4393 Libriset
411 4327 507 4409 curis,
523 4337 632 4393 statua
645 4328 838 4393 taciturnius
851 4329 918 4394 exit

256 4432 437 4523 Plerumque
452 4449 486 4504 et
502 4438 570 4503 risu
584 4439 737 4523 populum
753 4440 881 4523 quatit;
904 4440 958 4516 hic
973 4461 1034 4525 ego
1047 4461 1154 4508 rerum

206 4541 238 4602 85
258 4545 410 4616 Fluctibus
424 4551 458 4614 in
472 4549 587 4615 mediis
601 4558 635 4614 et
649 4550 895 4634 tempestatibus
909 4552 997 4616 urbis
1185 4563 1227 4614 uu.
1237 4564 1264 4609 E·
1274 4565 1292 4607 1·
1302 4565 1321 4607 1·
1332 4566 1364 4608 ια

458 4725 499 4774 61,
516 4725 636 4776 isuncst.
704 4727 745 4775 80.
764 4728 895 4776 contacta.
