3450 5667
712 744 748 819 a.
782 740 942 801 rreum
969 740 1116 828 rrroer

591 908 690 973 Nune
705 906 797 971 deeet
807 912 865 971 aut
874 905 969 970 viridi
978 903 1121 969 nitidum
1131 911 1229 989 eaput
1242 904 1400 990 impedire
1410 914 1544 991 myrto,

635 1019 705 1083 Aut
719 1016 807 1098 flore,
822 1024 918 1081 terrae
932 1037 1029 1100 quem
1043 1015 1154 1079 ferunt
1167 1015 1294 1080 solutae.
1426 1090 1435 1101 ¹
1495 1021 1544 1081 10

591 1128 691 1192 Nune
705 1134 739 1191 et
753 1128 789 1190 in
803 1125 963 1191 umbmsis
977 1125 1091 1189 Fauno
1104 1124 1198 1189 deeet
1211 1125 1380 1191 immolare
1392 1127 1493 1205 lueis,

638 1240 703 1303 Seu
717 1246 829 1321 poseat
843 1256 937 1320 agna,
952 1236 1018 1301 sire
1032 1236 1126 1300 malit
1141 1236 1246 1301 haedo.

318 1366 349 1396 ¹·
478 1380 489 1441 '.
592 1348 717 1413 Pallida
731 1346 824 1410 Mors
839 1366 932 1429 aequo
945 1346 1053 1429 pulsat
1066 1344 1148 1430 pede
1161 1366 1340 1430 pauperum
1350 1345 1507 1411 tabernas

317 1697 516 1751 swalna

318 1925 491 1969 ίώἃλῑη

319 3041 360 3085 rel.
370 3040 395 3083 0.
404 3041 423 3082 ².
433 3040 465 3081 11.
474 3040 506 3081 Ἃ.

403 3092 494 3134 ast&

198 3296 204 3305 ¹
320 3291 475 3345 amma

321 4261 487 4314 walam

316 4414 365 4463 por.
376 4412 520 4455 molal.

430 4465 519 4506 Lam

637 1458 828 1539 Regumque
841 1464 958 1519 turres.
1002 1455 1033 1520 Ο
1047 1454 1141 1519 beate
1157 1455 1254 1535 Sesti,

592 1566 680 1631 vita
693 1586 820 1629 summa
833 1565 938 1630 brevis
952 1586 1043 1649 apem
1055 1586 1116 1630 nos
1129 1571 1217 1630 vetat
1224 1565 1377 1631 inchoare
1385 1567 1536 1651 longam.

638 1676 1329 1760 Jamtepremetnox,fabulaequeMaues,
1490 1683 1537 1744 16

593 1788 638 1851 Et
653 1788 768 1851 domus
782 1786 873 1850 erilis
888 1787 1057 1851 Plutonia:
1081 1808 1147 1870 quo
1160 1787 1258 1852 simul
1271 1788 1398 1869 mearis,

637 1898 709 1960 Nee
722 1917 822 1980 regua
835 1896 901 1961 vini
915 1897 1049 1962 sortiere
1063 1898 1149 1976 talis,

592 2007 665 2071 Nee
679 2012 827 2070 teuemm
841 2006 988 2091 Lycidan
1001 2008 1170 2089 mirabere,
1187 2030 1251 2093 quo
1266 2009 1350 2073 calet
1360 2009 1517 2094 juventus

637 2116 736 2181 Nune
750 2116 866 2197 omnis,
880 2124 915 2181 et
928 2137 1004 2182 mor
1018 2117 1157 2202 virgines
1171 2119 1337 2203 tepebunt.
1484 2124 1537 2186 20

1009 2528 1052 2592 V.

663 2674 751 2740 Quis
766 2673 871 2736 multa
885 2672 1012 2755 gracilis
1026 2678 1061 2736 te
1075 2693 1155 2757 puer
1167 2673 1202 2737 in
1217 2694 1291 2739 rosa

661 2782 815 2847 Perfusus
829 2781 962 2865 liquidis
975 2790 1070 2866 urget
1084 2782 1236 2848 odoribus

750 2894 865 2972 Grato,
880 2892 1017 2976 Pyrrha,
1032 2893 1092 2958 sub
1109 2895 1229 2959 antro?

792 3006 853 3069 Cui
869 3005 986 3069 flavam
999 3007 1117 3090 religas
1132 3028 1258 3071 eomam

664 3155 806 3239 Simplex
820 3154 1013 3219 munditiis?
1058 3155 1155 3220 Heul
1180 3157 1328 3241 quotiens
1337 3158 1435 3224 fidem
1512 3165 1536 3225 5

662 3267 873 3351 Mutatesque
887 3265 974 3330 Deos
988 3266 1088 3345 flebit,
1105 3274 1139 3331 et
1153 3288 1264 3352 aspera

748 3377 862 3460 Nigris
878 3396 1007 3459 aequora
1020 3375 1124 3440 ventis

791 3486 991 3553 Emirabitur
1004 3484 1156 3565 insolens,

663 3634 728 3701 Qui
743 3654 830 3697 nunc
845 3640 879 3697 te
892 3632 1011 3697 fruitur
1026 3632 1174 3697 credulus
1188 3655 1306 3712 auree3

663 3743 729 3811 Qui
744 3764 869 3829 semper
882 3764 1029 3823 vacuam,
1044 3765 1170 3829 semper
1184 3745 1354 3838 amabilem
1493 3753 1537 3814 10

706 3855 830 3939 Sperat,
846 3855 974 3917 nescius
989 3874 1076 3918 aurae

748 3963 896 4029 Fallacia.
939 3962 1064 4042 Miseri,
1080 3964 1197 4047 quibus

661 4113 861 4195 Intemptata
875 4110 981 4175 nites!
1027 4111 1089 4176 Me
1101 4112 1214 4177 tabula
1227 4134 1316 4177 saeer

661 4222 782 4288 Votiva
794 4222 898 4307 paries
912 4222 1034 4287 indicat
1047 4222 1144 4287 uvida

707 4332 917 4417 Suspendisse
931 4333 1056 4417 potenti

747 4444 953 4508 Vestimenta
967 4444 1065 4509 maris
1079 4444 1161 4509 Deo.

699 4630 740 4677 14,
753 4629 841 4678 turris.
952 4631 978 4680 2.
996 4634 1100 4693 urguet.
1167 4631 1208 4680 13.
1224 4631 1366 4682 intentata
