3450 5667
724 721 756 794 o.
786 723 945 780 uuum
967 722 1112 780 sercou

519 884 701 948 Stultorum
715 907 827 968 regum
842 896 876 950 et
890 888 1082 971 populorum
1097 885 1242 950 continet
1256 893 1364 950 aestus.

516 998 664 1060 Antenor
679 1007 789 1062 censet
803 997 880 1062 belli
893 998 1064 1082 praecidere
1079 1019 1219 1061 cauum.

519 1107 607 1172 Quid
625 1108 738 1171 Poris?
762 1110 810 1173 Ut
825 1109 931 1172 sulvus
945 1117 1060 1192 regnet
1073 1109 1222 1192 vivatque
1235 1109 1360 1187 boatus,
1476 1111 1519 1172 10

517 1217 598 1312 Cogi
612 1239 704 1302 posse
718 1227 825 1301 negot.
872 1221 993 1284 Nestor
1008 1227 1197 1303 componere
1211 1218 1284 1282 lites

305 1357 376 1398 ura.
389 1353 503 1396 s.1.r.1s.
517 1329 609 1393 Inter
623 1329 756 1395 Peliden
770 1329 903 1394 festinet
916 1337 950 1392 et
964 1331 1051 1393 inter
1063 1329 1224 1407 Atriden3

518 1440 618 1504 Hunc
633 1461 732 1518 umor,
748 1441 796 1502 irs
811 1441 941 1524 quidem
956 1441 1172 1504 communiter
1185 1442 1251 1504 urit
1265 1449 1450 1524 utrumque.

518 1549 683 1634 Quidquid
699 1549 838 1614 delirent
852 1571 953 1633 reges,
968 1551 1153 1635 plectuntur
1173 1551 1299 1617 Achivi.

519 1661 692 1740 Seditione,
710 1661 801 1740 dolis,
818 1661 938 1725 scelere
952 1669 1049 1745 utque
1063 1662 1197 1726 libidine
1211 1669 1244 1726 et
1258 1663 1308 1726 irs
1475 1666 1516 1727 15

518 1773 633 1836 Iliacos
649 1773 734 1836 intre
750 1793 857 1836 muros
872 1781 1024 1855 peccatur
1038 1781 1072 1836 et
1086 1781 1186 1837 extro

518 1884 653 1961 Rursus,
669 1882 747 1966 quid
761 1883 862 1946 virtus
876 1895 910 1946 et
925 1882 1002 1966 quid
1016 1883 1173 1966 sepientis
1185 1883 1297 1966 possit,

519 1995 609 2060 Utile
623 1995 788 2079 proposuit
802 1993 897 2058 nobis
911 1995 1072 2079 exemplar
1087 1994 1217 2073 Ulixen,

519 2107 584 2174 Qui
599 2105 741 2169 domitor
754 2105 859 2188 Trojae
873 2106 1051 2169 multorum
1064 2107 1214 2189 providus
1227 2107 1323 2170 urbes

519 2219 563 2282 Et
577 2238 682 2280 mores
697 2216 864 2280 hominum
879 2216 1030 2300 inspexit,
1046 2217 1212 2300 letumque
1226 2238 1416 2300 persequor,
1473 2221 1518 2283 20

518 2329 606 2393 Dum
622 2328 695 2406 sibi,
711 2327 789 2390 dum
804 2327 899 2390 sociis
913 2326 1055 2390 reditum
1069 2338 1170 2410 psrst,
1187 2349 1298 2411 sspers
1310 2327 1416 2392 mults

306 2473 363 2513 m,
375 2473 398 2514 c,
409 2473 427 2514 4,
438 2475 457 2514 4
467 2475 499 2514 ω,
519 2439 668 2517 Pertulit,
684 2438 824 2502 adversis
838 2459 947 2502 rerum
961 2438 1185 2503 immersabilis
1198 2439 1304 2504 undis.

519 2551 669 2614 Sirenum
684 2571 776 2614 voces
791 2559 824 2614 et
839 2552 942 2615 Cnooe
955 2553 1070 2636 pocula
1082 2553 1167 2617 nosti
1178 2579 1189 2631 ;

519 2663 601 2729 Quos
616 2661 643 2724 si
658 2681 731 2724 cum
747 2655 840 2724 sociis
856 2663 975 2726 stultus
989 2663 1186 2747 cupidusque
1200 2664 1346 2743 bibisset,

518 2771 587 2836 Sub
602 2771 732 2835 domins
747 2773 914 2837 meretrice
928 2773 1040 2838 fuisset
1055 2776 1158 2858 turpis
1172 2785 1206 2838 et
1221 2796 1340 2853 excors,
1472 2780 1515 2841 25

517 2882 659 2946 Vixisset
674 2883 761 2946 canis
776 2882 963 2948 immundus
977 2886 1027 2948 vel
1041 2885 1145 2949 smicu
1157 2887 1227 2950 luto
1240 2909 1304 2950 sus.

300 3009 498 3060 fiacr-14¹0·
517 2995 588 3058 Nos
604 3015 756 3057 numerus
771 3015 883 3057 sumus
896 3003 930 3058 et
944 2995 1052 3078 finges
1066 3017 1253 3062 consumere
1267 2998 1348 3077 nsti,

306 3126 354 3166 Arc.
365 3125 390 3165 n.
401 3125 419 3165 ι.
431 3125 461 3166 u.
472 3125 503 3166 ss
519 3104 634 3188 Sponsi
651 3103 828 3187 Penelopae,
843 3105 1030 3184 nebulones,
1046 3107 1236 3191 Alcinoique

303 3252 350 3282 m.
362 3241 382 3282 s.
393 3243 411 3281 s.
422 3244 441 3282 s.
450 3243 483 3284 ss.
518 3217 560 3290 In
576 3223 649 3279 cute
665 3215 806 3278 curanda
819 3215 892 3299 plus
906 3238 999 3300 aequo
1012 3227 1144 3300 opersts
1153 3220 1316 3302 juventus,

518 3326 580 3391 Cui
595 3325 765 3409 pulchrum
780 3325 842 3388 fuit
857 3326 892 3389 in
906 3326 1030 3391 medios
1045 3328 1183 3392 dormire
1199 3330 1275 3409 dies,
1291 3340 1324 3394 et
1470 3337 1515 3398 30
1540 3396 1551 3406 ,

516 3436 570 3501 Ad
585 3437 753 3520 strepitum
769 3437 901 3502 cithsrae
915 3424 1075 3502 cossstrim
1089 3440 1205 3505 ducere
1219 3463 1339 3505 curum.

519 3550 567 3613 Ut
578 3549 728 3632 jugulent
743 3549 898 3628 homines,
915 3559 1052 3634 surgunt
1066 3551 1106 3615 de
1120 3561 1215 3616 nocte
1228 3549 1389 3618 lstmnes:

518 3661 567 3724 Ut
582 3667 614 3722 te
629 3660 734 3743 ipsum
750 3681 865 3738 serves,
881 3682 947 3724 non
963 3661 1212 3744 expergisceris?
1256 3665 1371 3747 Atqui,

517 3773 552 3836 Si
567 3771 656 3836 noles
672 3793 777 3850 senus,
794 3793 903 3836 curres
916 3773 1129 3858 hydropicus,
1143 3783 1185 3839 ¹et
1199 3777 1234 3840 ni

516 3884 633 3947 Posoes
649 3891 723 3946 ante
739 3883 823 3946 diem
838 3883 958 3946 librum
973 3905 1047 3948 cum
1061 3885 1192 3965 lumine,
1209 3887 1317 3952 sinon
1469 3895 1511 3955 35

515 3992 671 4060 Intendes
686 3993 830 4056 animum
844 3993 961 4057 studiis
975 4003 1009 4058 et
1022 3995 1116 4060 rebus
1131 3998 1284 4077 honestis,

515 4106 642 4171 Invidia
656 4105 706 4170 vel
721 4127 828 4170 amore
842 4107 919 4189 vigil
933 4107 1135 4191 torquebere.
1180 4111 1267 4174 Nsm
1283 4133 1350 4190 cur,

516 4221 598 4286 Quae
611 4216 734 4282 laeduut
750 4219 889 4296 oculum,
905 4219 1036 4282 festinus
1051 4219 1177 4285 demere
1185 4247 1195 4299 ;
1218 4223 1340 4306 siquid

514 4331 574 4394 Est
590 4329 744 4408 animum,
761 4329 869 4392 differs
883 4330 1015 4393 curandi
1031 4339 1159 4414 tempus
1173 4333 1208 4395 iu
1222 4337 1369 4399 annum?

516 4438 695 4502 Dimidium
710 4437 798 4515 facti,
813 4437 869 4520 qui
885 4439 991 4522 coepit,
1006 4439 1124 4504 hebet:
1148 4463 1258 4526 supere
1277 4446 1380 4524 sude;
1467 4453 1514 4513 40

515 4551 636 4632 Incipe.
683 4549 749 4616 Qui
764 4557 850 4613 recte
865 4548 991 4612 vivendi
1005 4559 1155 4634 prorogat
1170 4552 1293 4632 horem,

682 4719 720 4765 10.
739 4719 807 4780 quod
820 4719 900 4777 Puris,
913 4723 950 4767 ut.
1017 4723 1058 4770 28.
1076 4724 1245 4786 Alcinoique,
1263 4726 1334 4778 In...
