3450 5667
518 759 753 818 SAPIRARUM
783 761 860 818 ΠΒ.
891 762 935 818 Π.
969 760 1008 819 iii.
1306 765 1361 826 175

240 923 320 988 Meu
347 922 417 986 vivo
433 923 448 984 ?
505 924 555 988 Ut
584 923 669 987 viras
697 924 808 1007 igitur,
838 924 954 1008 vigila:
987 924 1050 989 hoc
1076 946 1145 1008 age.
1160 954 1210 1003 «μ,
1220 949 1245 991 a
1255 951 1274 992 1.
1284 952 1357 994 uu.

410 1033 585 1100 Quidvis?
810 1034 815 1046 '

245 1145 394 1210 Deficient
408 1145 538 1229 inopem
552 1167 641 1210 venae
656 1153 700 1224 te,
716 1145 751 1210 ni
766 1145 856 1210 cibus
876 1154 974 1231 atque

246 1256 359 1339 Ingens
374 1257 496 1321 accedit
509 1257 674 1321 stomacho
689 1257 811 1322 fultura
824 1259 943 1324 ruenti.

175 1365 226 1425 155
247 1367 292 1429 'lb
305 1369 429 1430 comas?
453 1367 601 1450 agedum,
617 1389 707 1432 sume
723 1368 784 1432 boo
797 1369 1008 1451 ptisanarinm
1022 1391 1136 1456 oryzae.

247 1476 362 1542 Quanti
375 1479 513 1561 emptae?
536 1479 649 1542 Parvo.
682 1478 806 1544 Quanti
820 1481 921 1563 ergo?
943 1482 1144 1546 Octussibus.

409 1586 523 1651 Eheu!

249 1694 327 1760 Quid
340 1696 447 1774 refert,
462 1695 576 1760 morbo
590 1717 632 1758 an
646 1695 740 1760 furtis
753 1717 942 1781 pereamque
955 1699 1076 1783 rapinis
1085 1702 1146 1764 i-

249 1805 394 1872 Quisnam
408 1807 508 1890 igitur
533 1807 656 1870 muris?
702 1807 769 1873 Qui
793 1829 860 1872 non
882 1809 1010 1873 stultus.
1056 1811 1145 1877 Quid

408 1917 544 1981 armus?

250 2028 365 2091 Stultus
379 2035 412 2092 et
425 2028 568 2091 insanus.
614 2027 724 2096 Quid?
748 2029 776 2092 si
791 2029 944 2112 quianon
959 2030 1001 2094 sit
1021 2053 1143 2108 avarus,

182 2137 232 2198 166
250 2137 400 2202 Continuo
414 2139 537 2202 sanus?
571 2137 726 2202 Minime·
753 2139 832 2217 Cur,
850 2139 980 2204 Stoice?
1017 2141 1144 2205 Dicam.

249 2247 318 2337 bion
332 2257 378 2312 est
391 2248 770 2313 cardiacus-Craterum
785 2248 900 2313 dixisse
914 2258 1070 2334 putato-

251 2357 308 2422 Hio
322 2381 418 2444 aeger:
441 2367 530 2424 recte
544 2367 593 2424 est
606 2359 706 2443 igitur
719 2362 918 2444 surgetque?
962 2363 1115 2445 Negabit,

251 2467 335 2533 Quod
350 2471 431 2534 latus
446 2477 502 2534 aut
516 2491 608 2534 renes
623 2470 735 2536 morbo
749 2479 949 2555 temptentur
962 2481 1065 2536 acuto.

250 2579 318 2642 Non
331 2589 377 2644 est
390 2582 537 2664 perjurus
552 2601 655 2664 neque
670 2580 815 2644 sordidus
826 2606 837 2659 ;
859 2581 1005 2646 immolet
1019 2583 1117 2667 aequis

186 2685 232 2746 165
252 2688 309 2753 Hic
321 2713 449 2773 porcum
464 2691 622 2756 Laribus:
645 2710 755 2754 verum
770 2691 958 2756 ambitiosus
973 2701 1006 2756 et
1020 2695 1143 2773 audam
1158 2716 1213 2760 aar.
1224 2717 1247 2758 c.
1257 2718 1276 2757 a.
1286 2717 1318 2758 aa
1328 2717 1348 2756 a

252 2799 378 2884 Naviget
392 2801 593 2884 Anticyram.
626 2800 715 2868 Quid
725 2800 812 2864 enim
827 2800 945 2880 differt,
955 2801 1146 2867 barathrone

252 2907 347 2974 Dones
362 2911 515 2996 quidquid
529 2911 639 2988 habes,
656 2931 697 2973 an
712 2931 876 2993 uunquam
893 2918 986 2975 utare
999 2912 1144 2995 paratis?

254 3019 367 3084 Servius
381 3021 539 3105 Oppidius
555 3020 675 3083 Canusi
689 3019 753 3084 duo
766 3019 897 3103 praedia,
912 3020 999 3085 dives

252 3129 381 3213 Antiqua
395 3151 503 3209 censu,
520 3129 627 3212 gnatis
642 3129 755 3193 divisse
769 3128 896 3194 duobus

189 3233 236 3296 170
252 3237 354 3302 Fertur
366 3249 398 3304 et
412 3240 475 3304 hoc
491 3239 631 3303 moriens
644 3239 752 3322 pueris
766 3239 883 3304 dixisse
895 3240 1016 3304 vocatis

253 3348 297 3411 id
308 3349 442 3415 lectum:
466 3352 644 3432 Postquam
658 3357 691 3413 te
705 3349 797 3428 talos,
813 3349 909 3428 Aule,
924 3370 1084 3432 nucesque

253 3459 336 3525 Ferre
349 3463 421 3526 sinu
434 3462 517 3540 laxo,
533 3460 652 3524 donare
667 3467 700 3524 et
713 3459 824 3524 ludere
837 3459 913 3538 vidi,

252 3569 299 3648 Te,
312 3574 424 3651 iiberi,
440 3593 619 3648 numerare,
635 3570 721 3634 cavis
736 3571 930 3635 abscondere
944 3571 1068 3636 tristem
1080 3597 1090 3648 3

252 3681 391 3762 Extimni,
406 3705 448 3748 ne
462 3705 518 3747 vos
533 3689 642 3766 ageret
656 3683 785 3745 vesania
799 3682 930 3760 discors,

189 3785 234 3849 175
252 3792 293 3856 'Pu
305 3796 555 3871 Nomentanum,
570 3801 607 3856 tu
622 3813 663 3856 ue
677 3813 842 3875 sequerere
857 3792 1016 3857 Cicutam.
1161 3829 1305 3873 mm
1315 3829 1359 3870 ιω,

253 3901 348 3968 Quare
362 3880 416 3989 per
431 3905 521 3968 divos
536 3911 645 3967 oratus
659 3909 794 3986 uterque
809 3903 958 3979 Penates,

252 4011 294 4076 Tu
306 4036 376 4080 cave
389 4037 431 4079 ne
445 4016 582 4092 minuas,
598 4021 637 4076 tu
650 4035 691 4077 ne
706 4013 811 4097 majus
825 4013 922 4076 facias
935 4013 979 4092 id,

253 4123 336 4188 Quod
350 4127 425 4189 satis
440 4146 508 4189 esse
521 4131 615 4208 putat
629 4131 719 4207 pater
730 4131 766 4220 pt
780 4131 897 4187 natura
910 4128 1045 4188 coercet.

252 4233 395 4300 Praeuaea
409 4257 449 4299 ne
464 4257 519 4299 vos
534 4234 645 4297 titillet
659 4233 771 4316 gloria,
785 4233 858 4316 jure
963 4227 967 4235 ’

191 4335 236 4398 180
253 4343 269 4404 J
272 4347 382 4410 uraudo
396 4347 596 4428 obstringam
611 4343 726 4407 ambo:
749 4350 824 4406 uter
839 4342 940 4406 reddis
954 4342 1090 4406 fueritve
1161 4344 1205 4383 Ψ·
1216 4340 1237 4381 ⁸·
1247 4341 1266 4380 ²·
1275 4341 1294 4380 ⁶·
1304 4339 1337 4380 ²³·

253 4451 388 4521 Vestrum
404 4437 533 4542 pistor,
548 4456 576 4518 is
591 4453 783 4518 intestabilis
797 4459 831 4516 ei
846 4473 936 4516 saca
949 4459 1027 4516 sto.

254 4559 288 4624 In
300 4565 396 4630 cicere
410 4573 507 4648 atque
521 4563 597 4628 faba
610 4563 695 4628 bona
709 4571 746 4627 tu
760 4563 937 4646 perdasque
951 4562 1079 4646 lupinis,

191 4710 229 4760 ¹52
243 4732 368 4778 pereumve.
435 4723 492 4772 162.
511 4723 640 4772 Prectest.
682 4721 738 4769 163.
756 4723 901 4778 tentantur,
914 4718 967 4784 (0.)
1013 4719 1068 4772 1⁷0.
1085 4723 1148 4772 haec.

1120 4841 1169 4887 02
