3450 5667
729 718 764 791 Q.
800 717 961 774 noum
991 716 1138 775 FLAOCI

673 880 794 945 Videre
809 880 913 945 Raetis
928 881 1013 945 bella
1027 880 1089 945 sub
1110 880 1251 965 Alpibus

673 993 820 1057 Drusum
835 1002 1003 1075 gerentem
1018 992 1204 1057 vindelici:
1229 992 1362 1075 quibus

718 1104 795 1167 blus
810 1104 899 1166 unde
914 1104 1073 1167 deductus
1088 1124 1146 1187 per
1160 1124 1259 1166 omne

761 1216 906 1299 Tempus
921 1214 1102 1277 Amazonia
1115 1213 1222 1277 securi

673 1350 813 1413 Dextrae
827 1350 985 1426 obarmet,
1002 1370 1146 1432 quaerere
1161 1348 1299 1411 distuli:

673 1461 746 1526 Nee
760 1460 842 1523 scire
856 1459 906 1523 fas
920 1468 970 1523 est
985 1460 1117 1523 omnia:
1142 1458 1199 1523 sed
1214 1458 1273 1523 diu

717 1572 865 1653 Iraeque
880 1570 1027 1634 victrices
1043 1578 1192 1648 catervm,

761 1680 912 1747 Consiliis
924 1680 1052 1765 juvenis
1066 1680 1206 1759 revietm,

675 1818 821 1895 Sensere,
838 1816 918 1899 quid
933 1838 1025 1880 mens
1039 1816 1114 1893 rite,
1132 1816 1211 1901 quid
1226 1816 1360 1881 indoles

676 1928 812 1993 Nutrita
825 1926 941 1990 faustis
955 1926 1016 1990 sub
1031 1926 1264 2011 penetralibus,

720 2039 845 2115 Posset,
861 2037 941 2123 quid
957 2038 1098 2121 Augusti
1113 2054 1269 2121 paternus

761 2148 804 2211 In
819 2170 936 2232 pueros
951 2148 1079 2211 animus
1094 2149 1255 2213 Nerones.

678 2300 792 2363 Fortes
806 2303 959 2361 emuntur
973 2296 1112 2361 fortibus
1128 2304 1161 2361 et
1176 2284 1269 2361 bonis
1280 2323 1290 2375 3

677 2410 738 2475 Est
752 2409 787 2472 in
798 2409 958 2493 juvencis,
974 2408 1073 2473 estin
1088 2407 1179 2491 equis
1194 2416 1323 2493 patrum

721 2520 856 2584 l'irtus:
880 2540 986 2603 neque
1001 2518 1164 2583 imbellem
1179 2520 1302 2583 feroces

764 2632 986 2714 Progeueraut
1002 2630 1117 2713 aquilae
1132 2629 1326 2695 columbam.

677 2780 835 2845 Doctrina
849 2780 906 2844 sed
921 2780 985 2843 vim
1001 2786 1168 2863 promovet
1183 2779 1326 2858 insitam,

681 2892 838 2977 Rectique
852 2892 960 2955 cultus
975 2898 1104 2975 pectora
1117 2890 1270 2957 roborant
1282 2918 1291 2969 ;

723 3003 911 3086 Utcumque
926 3002 1069 3066 defecere
1085 3023 1201 3081 mores,

768 3112 964 3177 indecorant
981 3112 1061 3175 bene
1075 3120 1152 3175 nata
1167 3112 1281 3197 culpae.

681 3260 770 3328 Quid
784 3260 912 3339 debeas,
928 3282 947 3325 o
964 3262 1078 3339 Roma,
1095 3261 1293 3341 Neronibus,

680 3372 786 3437 ‘lestis
800 3372 989 3434 Metaurum
1005 3370 1136 3449 flumen,
1152 3383 1186 3434 et
1202 3371 1393 3436 Hasdrubal

723 3485 889 3563 Devictus,
906 3493 939 3549 et
954 3483 1086 3569 pulcher
1100 3484 1221 3567 fugatis

767 3596 829 3661 Ille
843 3596 912 3661 dies
927 3596 1022 3661 Latio
1037 3595 1190 3674 tenebris,

682 3744 750 3811 Qui
764 3745 887 3829 primus
902 3746 986 3809 alma
1001 3746 1073 3809 risit
1088 3746 1212 3822 adorea,

680 3855 781 3920 Dirua
795 3877 853 3940 per
868 3854 963 3919 urbes
978 3856 1058 3921 Afer
1072 3863 1110 3920 ut
1126 3854 1237 3931 Italas,

724 3966 794 4031 Ceu
808 3965 939 4029 flamma
953 3987 1009 4049 per
1025 3965 1136 4043 taedas,
1150 3966 1201 4029 vel
1216 3966 1321 4029 Eurus

770 4080 835 4145 Per
851 4080 975 4144 Siculas
990 4080 1144 4163 equitavit
1159 4079 1272 4165 undas.

682 4229 836 4304 Posthoe
851 4228 999 4293 secundis
1014 4251 1114 4314 usque
1128 4229 1292 4295 laboribus

684 4344 831 4407 Romanu
844 4340 944 4426 pubes
959 4342 1067 4419 crevit,
1084 4350 1117 4405 et
1131 4340 1230 4426 impio

726 4454 865 4517 Vastata
879 4454 1053 4517 Poenorum
1068 4453 1213 4517 tumultu

719 4574 723 4579 ’
771 4566 860 4629 Fano
874 4564 949 4628 deos
963 4564 1106 4629 habuere
1121 4572 1243 4628 rectos:

756 4727 795 4778 17.
814 4730 881 4777 Rmti
897 4734 988 4778 ......ct
1000 4728 1059 4777 Vin.
1127 4728 1169 4777 36.
1188 4728 1353 4777 dedecorant.
