3450 5667
355 1803 374 1844 6.
385 1801 409 1842 0.
420 1801 438 1844 1.
449 1801 510 1844 ΜΟ.

355 2003 405 2054 apr.
415 2003 439 2044 c.
449 2005 468 2044 a.
481 2005 510 2044 u.
521 2004 552 2044 m.

776 752 808 826 c.
830 751 990 812 noem
1004 751 1148 812 macca

1028 1045 1110 1110 VII.

699 1179 729 1246 Ο
745 1199 831 1246 aare
847 1201 976 1244 muciam
990 1187 1120 1265 tempus
1133 1179 1169 1245 in
1183 1181 1343 1246 ultimum

698 1289 855 1369 Deducte,
872 1289 977 1354 Bruto
990 1290 1116 1356 militie
1130 1291 1221 1371 duce,
1237 1329 1245 1338 -

742 1401 826 1468 Quis
840 1409 875 1465 te
888 1401 1054 1466 redonavit
1069 1403 1233 1470 Quiuitem

784 1511 845 1576 Dia
859 1512 971 1596 patriis
986 1511 1135 1596 Italoque
1149 1513 1241 1592 coelo,

698 1645 831 1730 Pompei
846 1667 992 1710 meorum
1005 1647 1109 1731 prime
1123 1647 1306 1725 sodalium?

697 1759 781 1822 Cum
796 1779 860 1842 quo
875 1767 1056 1824 morantem
1070 1780 1154 1844 sape
1167 1759 1254 1824 diem
1266 1781 1365 1826 mero

740 1869 836 1952 Fregi
851 1879 1022 1934 coronatus
1035 1867 1177 1934 nitentes

783 1981 991 2047 Malobathro
1008 1983 1102 2068 Syrio
1115 1983 1256 2068 capillos.

695 2119 816 2184 'lecum
831 2118 996 2202 Philippos
1010 2127 1046 2183 et
1057 2108 1194 2184 celerem
1207 2118 1318 2202 fugam

696 2231 800 2310 Sensi,
816 2231 930 2296 relicta
943 2253 1010 2295 uon
1023 2231 1106 2296 bene
1120 2231 1265 2316 parmula
1272 2257 1283 2309 3

738 2344 823 2408 Cum
837 2341 940 2406 stacta
953 2342 1065 2422 virtue¹
1079 2349 1114 2406 et
1128 2342 1269 2406 minaces

780 2453 887 2538 'lurpe
901 2453 1007 2518 colum
1021 2453 1156 2538 tetigere
1170 2461 1290 2517 mento.

697 2589 760 2652 Sed
775 2609 827 2653 me
841 2610 899 2673 per
911 2589 1014 2653 bootia
1029 2588 1212 2654 Mercurius
1226 2588 1311 2653 celer

695 2701 804 2764 Denso
818 2707 988 2784 paventem
1003 2701 1134 2766 sustulit
1149 2704 1241 2764 aere:

736 2811 781 2874 'Pe
796 2829 907 2874 ruraua
920 2811 957 2874 in
970 2811 1091 2875 bellum
1106 2810 1271 2875 resorbens

779 2921 879 2986 Unda
891 2921 983 2986 stetin
996 2923 1073 2986 tulit
1087 2923 1242 2987 aeatuosia.

691 3057 780 3142 Ergo
793 3057 968 3141 obligatam
982 3057 1079 3122 redde
1094 3059 1116 3122 J
1116 3059 1167 3122 ovi
1182 3057 1307 3142 dapem,

692 3169 868 3253 Longaque
881 3168 1001 3232 fessum
1015 3169 1132 3232 militia
1144 3169 1230 3233 latus

734 3281 868 3365 Depone
881 3279 942 3345 aab
955 3281 1049 3345 laum
1063 3301 1145 3358 mea,
1157 3301 1217 3344 nee

778 3393 878 3456 Parce
892 3391 979 3456 cadis
992 3391 1055 3456 tibi
1068 3390 1246 3495 destinatio.

691 3524 854 3590 Oblivioao
868 3527 951 3592 levia
965 3527 1107 3592 Massico

691 3635 820 3700 Cibon'a
834 3639 944 3722 exple:
968 3638 1067 3703 funde
1089 3639 1257 3724 capacibus

735 3747 913 3830 Unguenta
925 3749 966 3814 de
980 3749 1118 3813 machia.
1166 3750 1249 3816 Quia
1263 3749 1327 3813 udo

777 3859 996 3945 Depnoperare
1011 3860 1083 3945 apio
1097 3881 1231 3926 coronae

690 3993 831 4058 Curatve
846 3995 979 4080 myrto?
1001 4016 1098 4078 quem
1112 3995 1227 4058 Venus
1241 3995 1399 4060 urbitium
1537 3987 1549 4003 ’

689 4105 785 4170 Dicet
799 4105 958 4170 bibendi?
1002 4107 1080 4170 Non
1092 4127 1154 4190 ego
1168 4107 1278 4170 canina

731 4216 918 4280 Bacchabor
932 4217 1071 4282 Edonis:
1094 4225 1223 4302 recepto

773 4326 878 4391 Dulce
892 4328 974 4392 mihi
988 4329 1093 4395 fimare
1107 4339 1157 4394 est
1165 4329 1285 4396 amico.

806 4491 845 4540 1³.
864 4492 962 4542 hoatea.
1029 4498 1069 4545 28.
1089 4493 1236 4545 lfureroat.
1329 4513 1332 4519 ’
