3450 5667
541 765 762 823 CARMINUM
798 766 876 823 ΜΒ.
896 765 942 822 ΙΙ.
964 765 1000 823 iv.

200 922 228 980 15
322 925 419 990 .Dum
433 949 484 992 res
499 935 534 992 et
549 935 627 992 oetes
641 937 675 992 et
690 929 843 993 Sororum

376 1038 443 1104 rita
456 1038 561 1104 trium
576 1039 744 1124 patiuntur
758 1049 838 1104 am.

299 1171 390 1238 Cedes
404 1173 559 1260 ootmptie
574 1174 719 1254 saltibus,
735 1182 768 1240 et
782 1174 890 1256 domo,

299 1280 445 1369 Villsque,
459 1286 564 1351 flavus
579 1307 676 1370 quern
691 1285 813 1352 Tiberis
827 1287 907 1352 levit
918 1313 928 1367 ;

337 1395 440 1477 Codes,
455 1405 490 1462 et
504 1397 676 1462 exstrnetis
690 1397 723 1460 in
740 1397 841 1462 altum

375 1507 502 1573 Divitiis
516 1509 659 1594 potietur
673 1509 776 1574 heres.
1168 1545 1199 1574 ω.
1209 1531 1234 1573 ο,
1243 1533 1263 1573 ι.
1273 1533 1305 1572 rs
1314 1533 1347 1573 re

301 1641 424 1709 Divesne
436 1645 543 1730 prison
558 1654 655 1711 notus
669 1645 709 1710 nb
725 1644 858 1725 Ineelro,
1168 1639 1348 1690 evm-1³11·

292 1755 352 1830 ,Nil
363 1755 501 1837 interest,
517 1778 559 1821 nn
573 1777 695 1841 pauper
708 1763 742 1821 et
755 1757 869 1821 infime

337 1866 489 1952 Degente
503 1868 564 1933 snb
580 1867 654 1932 divo
668 1867 811 1947 moreris,
1167 1883 1346 1926 enesim

374 1983 512 2048 Viotims
526 1983 573 2046 nil
588 1983 768 2048 miserentis
782 1982 871 2049 Oroi.

219 2119 230 2134 '
301 2117 410 2182 Omnes
423 2119 534 2184 eodem
549 2119 696 2202 eogimnr
704 2145 714 2198 3
738 2119 886 2183 omnium

300 2225 440 2293 Versatur
452 2251 534 2294 urnn
548 2230 650 2294 serius
664 2229 754 2294 ooine

339 2345 407 2409 Sors
420 2345 553 2424 exitura,
569 2351 603 2408 et
617 2365 678 2408 nos
692 2343 728 2408 in
741 2351 899 2408 eternum

375 2456 527 2522 Exsilium
541 2455 733 2540 impositura
746 2454 882 2521 oumbre.

611 2779 673 2843 IV.

301 2909 349 2976 Nn
362 2914 402 2978 sit
414 2915 535 2980 nnmllae
550 2913 611 2978 tibi
626 2934 717 2978 emor
730 2912 855 2997 pudori,

302 3021 430 3089 Xanthia
443 3026 593 3104 Phooen;
616 3025 704 3110 prius
718 3024 913 3090 insolentem

304 3133 520 3223 Servrssriseis
533 3137 627 3202 niveo
642 3137 747 3200 eolore

456 3248 562 3313 Movit
576 3247 738 3312 Achillem
751 3273 758 3312 :

301 3379 395 3446 Movit
407 3385 534 3468 Ajeoem
549 3383 721 3450 Telamone
734 3391 849 3448 natum

302 3492 405 3557 Formo
416 3495 546 3580 eaptivae
561 3493 729 3558 dominum
743 3493 920 3559 Tecmessae
933 3518 939 3558 ε

300 3604 381 3668 Arsit
393 3606 517 3670 Atrides
532 3605 639 3670 medio
653 3605 689 3669 in
704 3604 869 3690 triumpho

453 3718 589 3801 Virgine
603 3727 707 3800 rapte,
790 3705 795 3718 ’

299 3850 433 3920 Barbare
446 3863 616 3940 postquem
632 3852 772 3917 oeeidere
787 3859 903 3916 turmae

298 3963 433 4030 Thessalo
445 3967 577 4044 victore,
592 3972 625 4028 et
641 3962 808 4048 ademptus
824 3963 948 4027 Hector

297 4073 425 4142 Tre-didit
438 4077 529 4142 fessis
543 4075 662 4140 leviore
675 4073 745 4138 tolli

453 4191 612 4273 Pergama
628 4185 734 4251 Grais.

297 4324 425 4408 Nereine,
440 4350 483 4393 en
496 4335 530 4392 te
546 4347 699 4412 generum
714 4323 802 4389 beati

298 4435 436 4522 Phyllidis
449 4441 539 4505 flnvae
554 4439 705 4503 denotent
718 4445 887 4522 parentes:

201 4543 229 4604 15
299 4549 421 4632 Regium
435 4559 521 4616 corte
535 4571 637 4634 genus
652 4555 685 4612 et
702 4547 832 4612 Penatis

451 4663 569 4728 Maeret
583 4661 722 4744 iniquos.

225 4817 253 4854 ιιι.
269 4809 300 4857 le.
316 4810 393 4870 llnvos,
404 4815 431 4862 Β,
443 4816 521 4869 levat,
536 4813 564 4860 B.
631 4813 671 4859 28.
689 4809 796 4874 oymboe.
900 4821 933 4856 ιν,
953 4809 992 4856 15.
1006 4807 1124 4856 Penates.
