3450 5667
732 753 765 829 o.
787 755 946 814 noum
960 755 1107 814 mcci

534 921 691 1008 Spiritum
706 929 740 988 et
754 922 914 988 incessum
927 949 935 988 ι
958 925 1015 1008 qui
1028 923 1183 988 ridiculus
1196 924 1305 988 minua
1318 925 1403 990 illo?

532 1033 587 1096 An
605 1032 827 1117 quodcumque
842 1035 920 1098 facit
934 1035 1108 1113 Mrecenaa,
1123 1041 1157 1097 te
1172 1055 1299 1118 quoque
1312 1057 1426 1099 verum
1440 1043 1496 1100 ast

321 1156 512 1200 mul-12³⁰·
533 1143 674 1208 Tantum
689 1143 878 1208 dissimilem
891 1151 925 1208 ct
938 1151 1033 1209 tanto
1047 1151 1171 1208 certare
1184 1146 1368 1210 minorem?

532 1253 686 1318 Absentis
700 1275 787 1319 rauae
802 1255 898 1338 pullis
910 1254 1005 1318 vituli
1018 1254 1099 1338 pede
1113 1255 1229 1338 proauis

534 1367 629 1429 Unus
642 1363 699 1430 ubi
713 1363 837 1448 effugit,
853 1366 951 1429 matri
965 1365 1125 1444 denarrat,
1141 1371 1180 1428 ut
1193 1366 1307 1449 ingena
1468 1369 1537 1430 315

534 1475 637 1538 Belua
651 1482 804 1558 cognatos
819 1473 957 1538 eliserit:
980 1474 1037 1538 illa
1050 1495 1173 1557 rogare,

534 1586 733 1652 Quantane?
755 1585 847 1648 Num
861 1591 1003 1664 tentum,
1018 1586 1151 1649 sufflans
1164 1606 1209 1664 ae,
1224 1606 1343 1669 magna
1355 1585 1498 1650 finisset?

533 1695 643 1777 Major
657 1693 800 1758 dimidio.
845 1696 939 1759 Num
953 1695 1105 1759 tantum?
1150 1695 1235 1759 Cum
1250 1697 1352 1780 magia
1366 1704 1466 1779 atque

534 1808 576 1870 Se
591 1807 692 1890 magia
707 1806 845 1885 inflaret,
859 1807 951 1886 Non,
967 1805 1043 1869 aito
1056 1806 1190 1890 ruperis,
1204 1806 1321 1889 inquit,

532 1917 596 1980 Par
610 1917 681 1980 erin.
728 1917 810 1981 Hoec
824 1937 843 1980 a
857 1923 891 1980 te
904 1937 972 1980 non
986 1916 1126 1980 multum
1140 1915 1265 1981 abludit
1278 1917 1395 2000 imago.
1467 1918 1538 1980 320

531 2027 625 2092 Adde
640 2031 788 2111 poemata
802 2048 900 2104 nunc,
916 2027 978 2091 hoc
992 2035 1051 2105 eat,
1067 2027 1175 2091 oleum
1189 2026 1271 2090 adde
1284 2027 1434 2104 camin03

320 2160 369 2191 00⁵·
380 2147 405 2189 Α·
417 2147 440 2190 1’·
450 2147 495 2188 Μ·
533 2139 615 2204 Quae
630 2139 657 2202 ai
672 2139 743 2220 quis
758 2159 853 2201 sanus
867 2138 957 2216 fecit,
972 2158 1070 2201 sanna
1083 2136 1162 2200 facis
1175 2144 1209 2202 ct
1223 2144 1271 2201 tu.

320 2264 368 2306 rat.
379 2263 405 2306 22
416 2265 434 2306 1.
444 2265 477 2306 ²0.
486 2263 518 2304 ²⁵.
532 2249 610 2311 Non
625 2247 697 2312 dico
711 2247 906 2311 horrendam
919 2247 1052 2312 rabiem.
1098 2250 1120 2312 J
1121 2269 1175 2311 am
1188 2247 1308 2311 desine.
1352 2247 1488 2311 Cultum

532 2357 692 2439 Majorem
707 2375 815 2420 censu.
861 2357 996 2434 Tenem,
1011 2355 1216 2439 Damasippo,
1231 2355 1298 2419 tuia
1312 2363 1357 2420 tc.

532 2473 626 2536 Mille
640 2471 830 2557 puellarum,
846 2491 1020 2555 puerorum
1034 2470 1123 2534 mille
1136 2470 1269 2534 furores.
1464 2473 1535 2534 325

532 2585 562 2649 Ο
581 2583 681 2668 major
695 2583 827 2648 tandem
842 2602 964 2668 parcas,
980 2581 1102 2660 insane,
1118 2581 1254 2646 minori!

1000 2968 1063 3032 IV.

532 3107 634 3170 Uuna
649 3111 683 3169 et
697 3124 761 3187 quo
775 3101 913 3166 Cetius?
958 3101 1037 3165 Non
1050 3107 1101 3166 eat
1114 3100 1195 3164 mihi
1209 3107 1342 3184 tempus
1357 3098 1462 3164 aventi

531 3217 655 3279 Ponere
669 3215 761 3298 sigua
774 3213 867 3277 novis
881 3210 1057 3296 praeceptis,
1074 3211 1181 3293 qualia
1194 3212 1329 3276 vincunt

320 3355 372 3406 Pyt.
382 3353 406 3396 c.
417 3354 475 3395 ιιι.
485 3355 517 3395 ia
532 3325 739 3410 Pythagoran
753 3322 918 3406 Anytique
932 3343 1024 3385 reum
1039 3322 1232 3405 doctumque
1241 3323 1388 3387 Platona.

319 3467 365 3509 ιη.
377 3467 398 3509 s.
408 3468 427 3508 a.
439 3468 457 3508 1.
468 3467 500 3508 ia
532 3438 706 3502 Peccatum
720 3435 832 3510 fateor,
849 3452 923 3497 cum
938 3438 972 3494 te
986 3431 1031 3495 sic
1045 3439 1190 3515 tempore
1203 3431 1284 3496 laevo

531 3545 768 3630 Interpellarim
780 3571 790 3623 3
813 3543 940 3608 seddes
955 3543 1081 3607 veniam
1095 3543 1282 3608 bouuaoro.
1514 3547 1538 3606 5

532 3655 657 3723 Quodsi
672 3655 871 3720 interciderit
885 3654 946 3718 tibi
959 3675 1047 3718 nunc
1061 3652 1193 3736 aliquid,
1208 3660 1333 3738 repetes
1346 3673 1430 3730 mox,

532 3768 606 3832 Sive
622 3773 671 3830 cet
684 3775 809 3830 naturae
823 3764 885 3828 hoc
899 3765 965 3828 eive
980 3763 1067 3842 artis,
1083 3763 1184 3828 mirus
1205 3771 1354 3848 utroque.

532 3880 623 3947 Quin
637 3877 670 3941 id
685 3885 754 3941 erat
768 3897 864 3955 cmm,
880 3897 944 3958 quo
958 3883 1053 3958 pacto
1068 3883 1185 3938 cuncta
1198 3881 1352 3954 tenerem,

532 3995 655 4076 Utpote
669 4011 720 4054 res
735 3997 847 4054 tenues
862 3988 953 4052 tenui
968 4007 1113 4051 sermone
1127 3995 1283 4070 peractae.

530 4103 599 4167 Ede
613 4101 753 4166 hominis
766 4119 896 4177 nomeu,
911 4098 1057 4162 simulet
1072 4098 1238 4161 Romanoa
1253 4119 1295 4160 au
1308 4097 1432 4182 hospes.
1489 4101 1540 4164 10

533 4215 609 4297 Ipse
623 4231 746 4276 memor
760 4215 920 4293 precepta
934 4229 1057 4285 cauam,
1074 4205 1230 4270 celabitur
1244 4214 1367 4272 auctor.

532 4327 646 4407 Longa
660 4321 776 4406 quibua
789 4320 888 4384 facies
902 4319 970 4384 ovis
984 4318 1057 4395 erit,
1071 4318 1128 4382 illa
1140 4326 1317 4398 memento,

531 4435 580 4498 Ut
595 4433 663 4496 auci
678 4430 818 4496 melioria
833 4437 867 4494 et
880 4435 919 4492 ut
931 4429 1036 4514 magia
1050 4427 1123 4492 alba
1136 4427 1293 4507 rotundis,
1360 4483 1365 4491 .

316 4567 368 4607 ron·
379 4556 399 4597 ⁸·
410 4557 429 4597 2Ι
439 4555 509 4646 26262ι
531 4546 672 4610 Ponere:
696 4563 834 4626 namque
849 4561 972 4605 merem
986 4539 1138 4604 cohibent
1152 4539 1269 4606 callosa
1283 4539 1439 4605 vitellum.

718 4705 775 4754 312.
794 4702 943 4752 ivor-uruat.
1010 4703 1068 4750 313.
1085 4705 1160 4751 tanto
1172 4702 1332 4753 dissimilem

716 4773 774 4820 ³22.
791 4771 861 4830 facit,
874 4773 901 4817 et
912 4783 991 4817 senua
1003 4769 1082 4817 facies
1094 4772 1132 4827 tu,
1146 4766 1200 4832 (Ο.)
1214 4769 1258 4816 Hc.
1269 4770 1299 4818 Β.
