3450 5667
718 756 753 829 o.
780 752 941 813 uourrr
968 752 1115 811 moer

653 921 768 1007 Impire
781 941 914 1007 epoueoe
928 928 1061 1004 potuere
1076 917 1156 981 duro

826 1032 965 1097 Perdere
980 1030 1074 1095 ferro.

656 1172 734 1237 Uno
747 1170 788 1235 de
802 1168 925 1247 multis,
941 1168 1011 1232 free
1025 1164 1161 1250 nuptiali

654 1283 775 1367 Digne,
790 1282 957 1366 perjurum
971 1278 1035 1343 fuit
1049 1278 1083 1341 iu
1099 1283 1265 1361 parentem

656 1392 830 1478 splendide
843 1390 995 1469 mendax,
1009 1396 1043 1453 et
1057 1389 1094 1453 iu
1108 1408 1203 1453 omne
1217 1385 1310 1470 virgo

828 1502 960 1567 Nobilis
975 1522 1089 1565 aevum.

625 1644 649 1676 “
661 1639 802 1723 Surge,''
819 1660 892 1721 quae
906 1636 988 1700 dixit
999 1634 1111 1719 juveni
1125 1632 1254 1710 marito,

626 1756 650 1787 “
662 1751 777 1833 Surge,
792 1771 834 1813 ue
847 1749 965 1832 longus
979 1746 1040 1811 tibi
1055 1766 1197 1823 somnus,
1213 1742 1302 1807 unde

657 1863 735 1927 Nou
749 1861 857 1938 times,
872 1858 987 1923 detur:
1010 1878 1157 1923 eooerum
1172 1864 1206 1920 et
1220 1855 1376 1919 scelestas

831 1971 921 2037 rarle
936 1990 1079 2049 sorores,

630 2119 653 2151 “
665 2114 760 2189 Quoe,
773 2111 862 2176 velut
876 2116 980 2174 ueetae
993 2107 1111 2171 vitulos
1124 2106 1246 2184 leaenae,

663 2223 1101 2310 singulos,eheu‚12oerant.
1146 2222 1218 2304 Ego
1233 2220 1297 2283 illis

662 2338 797 2404 Mollior
809 2358 870 2400 uec
884 2344 918 2399 te
932 2335 1056 2411 serium,
1071 2352 1176 2416 neque
1190 2332 1277 2395 intre

835 2446 985 2509 Claustra
998 2443 1126 2508 tenebo.

630 2582 722 2648 “Me
735 2590 827 2667 puter
839 2580 931 2645 eaevis
946 2587 1057 2644 oneret
1071 2578 1205 2657 eatenis,

663 2693 761 2762 Quod
774 2694 844 2757 riro
857 2692 998 2755 clemens
1013 2692 1130 2755 misero
1144 2690 1269 2776 peperci
1283 2716 1290 2755 ι

660 2806 722 2869 Me
738 2802 791 2867 vel
804 2810 965 2868 extremos
979 2801 1198 2865 Numidarum
1213 2802 1250 2865 in
1264 2822 1360 2885 agros

836 2913 945 2978 Classe
960 2912 1091 2996 releget.

631 3052 694 3130 “I,
710 3049 807 3135 pedes
822 3056 936 3133 quote
950 3050 1082 3134 rapiunt
1097 3056 1130 3113 et
1146 3072 1242 3129 uurae,

662 3165 752 3229 Duru
766 3162 852 3227 feret
866 3184 930 3227 nox
945 3171 979 3226 et
992 3164 1105 3227 Venus
1119 3188 1126 3228 :
1153 3165 1171 3228 I
1187 3163 1326 3228 seeundo

664 3274 793 3351 Omine,
808 3281 842 3337 et
856 3274 958 3337 nostri
972 3295 1148 3339 memorem
1163 3276 1307 3360 sepulcro

839 3384 953 3468 Scalpe
968 3384 1178 3467 querellem.”

620 3842 834 3907 Mreeuruuu
850 3848 900 3907 est
915 3864 1018 3927 neque
1033 3846 1135 3908 amori

619 3955 708 4019 Dure
722 3952 847 4032 ludum,
862 3975 969 4037 neque
983 3953 1069 4018 dulci

619 4066 712 4131 Mula
725 4066 799 4130 vino
814 4066 931 4144 lavere,
946 4074 1003 4129 aut
1018 4066 1193 4131 exanimari
1207 4067 1383 4133 metuentis

795 4178 924 4241 Putruae
939 4176 1069 4241 verbero
1081 4176 1209 4261 linguae.

620 4316 694 4382 'libi
708 4314 841 4400 qualum
857 4314 1025 4399 Cythereae
1525 4323 1543 4383 5

620 4427 706 4491 Puer
721 4426 796 4505 ales,
813 4424 874 4489 tibi
889 4424 970 4489 telus

620 4538 832 4621 Operosoeque
847 4535 1007 4600 Minervae
1023 4539 1166 4602 studium
1183 4539 1299 4619 aufert,
1314 4540 1483 4624 Neobule,

794 4646 932 4729 Liparaei
948 4647 1034 4712 uitor
1051 4648 1164 4729 Hebri,

1605 3390 1606 3477 i

1605 3480 1606 3527 i

601 4786 607 4797 ⁶
721 4784 762 4831 36.
780 4798 961 4843 oevozrorom,
975 4786 1004 4834 B.
1139 4790 1161 4836 3.
1181 4792 1336 4839 metuentes.
