3450 5667
604 706 830 768 OARMINUM
863 709 944 770 ΗΒ.
964 711 994 768 Ι.
1015 711 1056 770 ir.

210 875 234 934 5
282 869 358 935 Gur
370 889 476 955 neque
489 868 640 936 militaris

326 980 422 1084 Inter
435 980 573 1066 equales
586 981 723 1066 equitat,
739 981 865 1050 Gallico
878 1003 941 1050 neo
954 984 1076 1071 lupatis

282 1089 668 1176 'l'emperutoralrenist
1328 1167 1334 1176 Ι

331 1204 401 1268 Cur
412 1203 508 1268 timet
521 1202 640 1272 flavum
654 1203 797 1270 'liberirn
810 1205 970 1291 tangere?
991 1227 1050 1272 cur
1062 1206 1184 1272 olivum
1235 1221 1427 1273 moine

282 1311 455 1398 Sanguine
466 1314 609 1399 viperino

217 1425 263 1488 10
334 1423 471 1488 Cautius
484 1423 576 1504 vitat,
591 1431 697 1510 nequ'e
707 1424 779 1510 jam
792 1425 892 1491 livida
904 1432 1012 1511 gestet
1026 1427 1125 1491 armis

284 1533 458 1614 Bracchia)
472 1555 556 1619 ιωΡΘ
570 1535 668 1614 diseo,
1241 1568 1362 1614 rum.
1371 1571 1404 1612 1⁸.

334 1646 428 1729 Saepe
440 1651 530 1711 trans
544 1646 642 1710 finem
652 1646 762 1730 jaculo
775 1645 895 1712 nobilis
908 1646 1083 1732 expedito?

286 1756 380 1823 Quid
393 1755 483 1836 lutet,
496 1763 536 1820 ut
549 1756 682 1822 marine

331 1865 452 1930 Filium
465 1865 578 1932 dicunt
591 1865 737 1933 Thetidis
751 1867 812 1932 sub
826 1867 996 1934 hcdmosa
1010 1867 1116 1958 'l'rojae
1240 1865 1440 1968 &4¹52st

213 1979 259 2042 15
284 1975 595 2056 Inueranevirilis
1282 1967 1409 2020 mu

333 2086 451 2154 Cultus
464 2086 501 2154 in
514 2087 633 2154 cosdem
647 2095 682 2154 et
696 2087 813 2175 Lycios
826 2089 1004 2176 proriperet
1018 2088 1188 2154 caenas?

702 2475 764 2540 IX.

353 2609 474 2689 Vinus,
488 2615 528 2673 ut
542 2609 608 2674 alte
621 2613 686 2674 stet
699 2609 773 2674 nive
787 2606 961 2674 candidum

354 2721 499 2800 Soracte,
514 2741 575 2786 neo
585 2720 657 2804 jam
670 2719 853 2784 sustineant
867 2740 949 2783 onus

398 2830 493 2895 Silue
506 2827 701 2908 laborantes,
716 2829 855 2913 geluque

439 2940 591 3006 Flumina
605 2939 807 3006 constiterint
822 2938 942 3004 acuto?

353 3075 498 3141 Dissolve
510 3075 623 3160 frigus,
637 3075 728 3160 ligna
741 3095 837 3160 snper
848 3075 922 3140 foco

353 3189 460 3272 Large
472 3209 629 3274 reponens
642 3212 650 3252 ε
674 3194 771 3272 etque
788 3185 960 3270 benignius

397 3299 558 3383 Deprome
573 3297 779 3383 quadrimum
794 3297 926 3376 Sabina,

442 3411 472 3476 0
486 3408 685 3490 Thaliarche,
701 3428 827 3473 merum
841 3405 941 3472 diota.
1025 3453 1028 3459 ,

352 3545 511 3613 Permitte
524 3545 618 3611 Divis
631 3549 747 3624 cetera,
763 3541 820 3627 qui
833 3539 931 3606 simul

353 3657 502 3722 suavem
514 3663 628 3722 ventos
642 3673 769 3739 equore
781 3651 905 3718 fervido

396 3765 640 3850 Deproeliantes,
653 3783 714 3829 nec
728 3761 869 3847 cupressi

440 3874 513 3941 Neo
527 3883 649 3940 veteres
664 3873 829 3958 agitantur
843 3869 926 3936 orni.

350 4007 442 4076 Quid
456 4009 499 4072 sit
511 4007 658 4072 futurum
672 4027 753 4085 cras,
767 4005 844 4088 fuge
858 4023 1011 4090 qnaerere,
1025 4008 1060 4066 et

349 4121 462 4187 Quem
476 4120 555 4184 Fors
569 4117 694 4182 dierum
708 4135 847 4200 cumque
860 4114 961 4194 dabit,
975 4113 1067 4179 lucro

396 4233 543 4315 Appone‚
558 4249 618 4294 uec
633 4228 743 4293 dulces
757 4248 881 4293 amores
1105 4231 1108 4235 ’

442 4338 575 4423 Sperne,
590 4357 679 4422 puer,
694 4357 800 4422 neque
814 4344 853 4400 tu
868 4335 1012 4414 choreas,

347 4475 465 4541 Donec
477 4472 595 4538 virenti
609 4471 741 4538 canities
755 4473 846 4537 abest

348 4588 494 4652 Morosa.
539 4586 639 4650 Nunc
653 4592 686 4650 et
701 4585 842 4668 Campus
856 4590 890 4648 et
904 4603 995 4660 areae,

509 4747 566 4782 vrrr.
582 4735 608 4782 6.
627 4735 727 4798 equitet
741 4756 747 4794 ;
766 4737 904 4796 temperet.
917 4733 946 4779 Β.
