<?xml version="1.0" encoding="UTF-8"?>
<!DOCTYPE html PUBLIC "-//W3C//DTD XHTML 1.0 Transitional//EN"
    "http://www.w3.org/TR/xhtml1/DTD/xhtml1-transitional.dtd">
<html xmlns="http://www.w3.org/1999/xhtml" xml:lang="en" lang="en">
 <head>
  <title>
</title>
<meta http-equiv="Content-Type" content="text/html;charset=utf-8" />
  <meta name='ocr-system' content='tesseract 3.04.00' />
  <meta name='ocr-capabilities' content='ocr_page ocr_carea ocr_par ocr_line ocrx_word'/>
</head>
<body>
  <div class='ocr_page' id='page_1' title='image "./quintihoratifla01horagoog_0063.png"; bbox 0 0 3450 5667; ppageno 0'>
   <div class='ocr_carea' id='block_1_1' title="bbox 528 693 1371 758">
    <p class='ocr_par' dir='ltr' id='par_1_1' title="bbox 528 693 1371 758">
     <span class='ocr_line' id='line_1_1' title="bbox 528 693 1371 758; baseline 0.007 -7"><span class='ocrx_word' id='word_1_1' title='bbox 528 693 752 754; x_wconf 71' lang='lat' dir='ltr'><em>0112me</em></span> <span class='ocrx_word' id='word_1_2' title='bbox 785 695 866 755; x_wconf 83' lang='lat' dir='ltr'>HR.</span> <span class='ocrx_word' id='word_1_3' title='bbox 886 697 916 755; x_wconf 86' lang='lat' dir='ltr'>I.</span> <span class='ocrx_word' id='word_1_4' title='bbox 937 715 1005 756; x_wconf 84' lang='lat' dir='ltr'>m.</span> <span class='ocrx_word' id='word_1_5' title='bbox 1333 703 1371 758; x_wconf 69' lang='lat'>25</span> 
     </span>
    </p>
   </div>
   <div class='ocr_carea' id='block_1_2' title="bbox 222 857 1105 945">
    <p class='ocr_par' dir='ltr' id='par_1_2' title="bbox 222 857 1105 945">
     <span class='ocr_line' id='line_1_2' title="bbox 222 857 1105 945; baseline -0.001 -18"><span class='ocrx_word' id='word_1_6' title='bbox 222 863 263 927; x_wconf 70' lang='lat' dir='ltr'>&#39;le</span> <span class='ocrx_word' id='word_1_7' title='bbox 275 866 435 925; x_wconf 88' lang='lat' dir='ltr'>maneant</span> <span class='ocrx_word' id='word_1_8' title='bbox 448 857 554 944; x_wconf 89' lang='lat' dir='ltr'>ipsum</span> <span class='ocrx_word' id='word_1_9' title='bbox 567 884 575 924; x_wconf 76' lang='grc' dir='ltr'><strong>ε</strong></span> <span class='ocrx_word' id='word_1_10' title='bbox 599 858 747 944; x_wconf 75' lang='lat' dir='ltr'><strong>precibus</strong></span> <span class='ocrx_word' id='word_1_11' title='bbox 759 879 824 926; x_wconf 90' lang='lat' dir='ltr'>non</span> <span class='ocrx_word' id='word_1_12' title='bbox 839 861 969 945; x_wconf 77' lang='lat' dir='ltr'>linquar</span> <span class='ocrx_word' id='word_1_13' title='bbox 981 861 1105 940; x_wconf 82' lang='lat' dir='ltr'>inultis,</span> 
     </span>
    </p>
   </div>
   <div class='ocr_carea' id='block_1_3' title="bbox 173 971 1323 1280">
    <p class='ocr_par' dir='ltr' id='par_1_3' title="bbox 173 971 1323 1280">
     <span class='ocr_line' id='line_1_3' title="bbox 260 971 1323 1064; baseline -0.003 -24"><span class='ocrx_word' id='word_1_14' title='bbox 260 975 371 1058; x_wconf 77' lang='lat' dir='ltr'>&#39;l&#39;cqne</span> <span class='ocrx_word' id='word_1_15' title='bbox 385 971 513 1057; x_wconf 84' lang='lat' dir='ltr'>piacula</span> <span class='ocrx_word' id='word_1_16' title='bbox 525 971 618 1035; x_wconf 89' lang='lat' dir='ltr'>nulla</span> <span class='ocrx_word' id='word_1_17' title='bbox 631 971 799 1036; x_wconf 82' lang='lat' dir='ltr'>resolvent.</span> <span class='ocrx_word' id='word_1_18' title='bbox 1168 1011 1323 1064; x_wconf 45' lang='lat' dir='ltr'>„mg</span> 
     </span>
     <span class='ocr_line' id='line_1_4' title="bbox 173 1081 1104 1168; baseline 0.001 -21"><span class='ocrx_word' id='word_1_19' title='bbox 173 1085 205 1147; x_wconf 78' lang='lat'>35</span> <span class='ocrx_word' id='word_1_20' title='bbox 225 1083 428 1168; x_wconf 76' lang='lat' dir='ltr'><strong>Quamquam</strong></span> <span class='ocrx_word' id='word_1_21' title='bbox 442 1081 586 1160; x_wconf 79' lang='lat' dir='ltr'>festinas,</span> <span class='ocrx_word' id='word_1_22' title='bbox 602 1101 671 1145; x_wconf 91' lang='lat' dir='ltr'>non</span> <span class='ocrx_word' id='word_1_23' title='bbox 684 1085 734 1144; x_wconf 88' lang='lat' dir='ltr'>est</span> <span class='ocrx_word' id='word_1_24' title='bbox 747 1101 838 1145; x_wconf 85' lang='lat' dir='ltr'>mora</span> <span class='ocrx_word' id='word_1_25' title='bbox 852 1081 970 1167; x_wconf 78' lang='lat' dir='ltr'>longa;</span> <span class='ocrx_word' id='word_1_26' title='bbox 991 1082 1104 1148; x_wconf 86' lang='lat' dir='ltr'>licebit</span> 
     </span>
     <span class='ocr_line' id='line_1_5' title="bbox 263 1193 736 1280; baseline -0.011 -19"><span class='ocrx_word' id='word_1_27' title='bbox 263 1195 393 1280; x_wconf 87' lang='lat' dir='ltr'>Injecto</span> <span class='ocrx_word' id='word_1_28' title='bbox 406 1201 458 1258; x_wconf 87' lang='lat' dir='ltr'>ter</span> <span class='ocrx_word' id='word_1_29' title='bbox 471 1193 600 1278; x_wconf 86' lang='lat' dir='ltr'>pulvere</span> <span class='ocrx_word' id='word_1_30' title='bbox 615 1213 736 1257; x_wconf 71' lang='lat' dir='ltr'>cunas.</span> 
     </span>
    </p>
   </div>
   <div class='ocr_carea' id='block_1_4' title="bbox 595 1505 723 1570">
    <p class='ocr_par' dir='ltr' id='par_1_4' title="bbox 595 1505 723 1570">
     <span class='ocr_line' id='line_1_6' title="bbox 595 1505 723 1570; baseline 0 0"><span class='ocrx_word' id='word_1_31' title='bbox 595 1505 723 1570; x_wconf 81' lang='lat' dir='ltr'>XXIX.</span> 
     </span>
    </p>
   </div>
   <div class='ocr_carea' id='block_1_5' title="bbox 288 1627 893 2044">
    <p class='ocr_par' dir='ltr' id='par_1_5' title="bbox 288 1627 893 2044">
     <span class='ocr_line' id='line_1_7' title="bbox 288 1627 893 1707; baseline -0.007 -11"><span class='ocrx_word' id='word_1_32' title='bbox 288 1631 375 1707; x_wconf 90' lang='lat' dir='ltr'>Iccr,</span> <span class='ocrx_word' id='word_1_33' title='bbox 389 1627 493 1693; x_wconf 80' lang='lat' dir='ltr'>beatis</span> <span class='ocrx_word' id='word_1_34' title='bbox 507 1648 595 1692; x_wconf 89' lang='lat' dir='ltr'>nunc</span> <span class='ocrx_word' id='word_1_35' title='bbox 608 1627 754 1693; x_wconf 77' lang='lat' dir='ltr'><strong>Arabum</strong></span> <span class='ocrx_word' id='word_1_36' title='bbox 768 1627 893 1692; x_wconf 85' lang='lat' dir='ltr'>invides</span> 
     </span>
     <span class='ocr_line' id='line_1_8' title="bbox 291 1739 838 1824; baseline -0.009 -17"><span class='ocrx_word' id='word_1_37' title='bbox 291 1741 398 1819; x_wconf 80' lang='lat' dir='ltr'>Garis,</span> <span class='ocrx_word' id='word_1_38' title='bbox 414 1747 447 1804; x_wconf 88' lang='lat' dir='ltr'>et</span> <span class='ocrx_word' id='word_1_39' title='bbox 461 1760 566 1804; x_wconf 85' lang='lat' dir='ltr'>aorem</span> <span class='ocrx_word' id='word_1_40' title='bbox 581 1739 730 1803; x_wconf 84' lang='lat' dir='ltr'>militiam</span> <span class='ocrx_word' id='word_1_41' title='bbox 744 1761 838 1824; x_wconf 81' lang='lat' dir='ltr'>paras</span> 
     </span>
     <span class='ocr_line' id='line_1_9' title="bbox 332 1849 784 1916; baseline -0.002 -1"><span class='ocrx_word' id='word_1_42' title='bbox 332 1851 409 1916; x_wconf 88' lang='lat' dir='ltr'>Non</span> <span class='ocrx_word' id='word_1_43' title='bbox 426 1856 501 1914; x_wconf 83' lang='lat' dir='ltr'>ente</span> <span class='ocrx_word' id='word_1_44' title='bbox 515 1849 648 1914; x_wconf 79' lang='lat' dir='ltr'>devictis</span> <span class='ocrx_word' id='word_1_45' title='bbox 664 1849 784 1914; x_wconf 78' lang='lat' dir='ltr'>Sabaeae</span> 
     </span>
     <span class='ocr_line' id='line_1_10' title="bbox 377 1959 869 2044; baseline 0.002 -21"><span class='ocrx_word' id='word_1_46' title='bbox 377 1959 530 2044; x_wconf 76' lang='lat' dir='ltr'>Regibus,</span> <span class='ocrx_word' id='word_1_47' title='bbox 546 1959 752 2042; x_wconf 86' lang='lat' dir='ltr'>horribilique</span> <span class='ocrx_word' id='word_1_48' title='bbox 766 1959 869 2024; x_wconf 88' lang='lat' dir='ltr'>Medo</span> 
     </span>
    </p>
   </div>
   <div class='ocr_carea' id='block_1_6' title="bbox 290 2094 963 2514">
    <p class='ocr_par' dir='ltr' id='par_1_6' title="bbox 290 2094 963 2514">
     <span class='ocr_line' id='line_1_11' title="bbox 290 2094 963 2177; baseline -0.001 -16"><span class='ocrx_word' id='word_1_49' title='bbox 290 2095 404 2161; x_wconf 79' lang='lat' dir='ltr'>Noctis</span> <span class='ocrx_word' id='word_1_50' title='bbox 419 2096 573 2160; x_wconf 81' lang='lat' dir='ltr'>catenas?</span> <span class='ocrx_word' id='word_1_51' title='bbox 618 2095 701 2162; x_wconf 80' lang='lat' dir='ltr'>Quae</span> <span class='ocrx_word' id='word_1_52' title='bbox 714 2094 776 2160; x_wconf 89' lang='lat' dir='ltr'>tibi</span> <span class='ocrx_word' id='word_1_53' title='bbox 789 2095 963 2177; x_wconf 82' lang='lat' dir='ltr'>virginum,</span> 
     </span>
     <span class='ocr_line' id='line_1_12' title="bbox 292 2205 855 2291; baseline 0 -21"><span class='ocrx_word' id='word_1_54' title='bbox 292 2209 415 2291; x_wconf 86' lang='lat' dir='ltr'>Sponsa</span> <span class='ocrx_word' id='word_1_55' title='bbox 427 2214 552 2284; x_wconf 87' lang='lat' dir='ltr'>necato,</span> <span class='ocrx_word' id='word_1_56' title='bbox 567 2205 702 2270; x_wconf 84' lang='lat' dir='ltr'>barbara</span> <span class='ocrx_word' id='word_1_57' title='bbox 715 2205 855 2270; x_wconf 69' lang='lat' dir='ltr'>mviet?</span> 
     </span>
     <span class='ocr_line' id='line_1_13' title="bbox 333 2317 781 2402; baseline -0.009 -18"><span class='ocrx_word' id='word_1_58' title='bbox 333 2320 419 2384; x_wconf 84' lang='lat' dir='ltr'>Puer</span> <span class='ocrx_word' id='word_1_59' title='bbox 433 2317 505 2401; x_wconf 85' lang='lat' dir='ltr'>qnia</span> <span class='ocrx_word' id='word_1_60' title='bbox 519 2339 557 2382; x_wconf 84' lang='lat' dir='ltr'>ex</span> <span class='ocrx_word' id='word_1_61' title='bbox 572 2317 646 2380; x_wconf 87' lang='lat' dir='ltr'>aula</span> <span class='ocrx_word' id='word_1_62' title='bbox 659 2317 781 2402; x_wconf 75' lang='lat' dir='ltr'>capillis</span> 
     </span>
     <span class='ocr_line' id='line_1_14' title="bbox 374 2427 903 2514; baseline 0 -20"><span class='ocrx_word' id='word_1_63' title='bbox 374 2427 429 2495; x_wconf 81' lang='lat' dir='ltr'>Ad</span> <span class='ocrx_word' id='word_1_64' title='bbox 442 2427 596 2514; x_wconf 82' lang='lat' dir='ltr'>cyathum</span> <span class='ocrx_word' id='word_1_65' title='bbox 611 2435 772 2492; x_wconf 85' lang='lat' dir='ltr'>statuetur</span> <span class='ocrx_word' id='word_1_66' title='bbox 785 2429 903 2509; x_wconf 89' lang='lat' dir='ltr'>unctis,</span> 
     </span>
    </p>
   </div>
   <div class='ocr_carea' id='block_1_7' title="bbox 204 2564 976 3446">
    <p class='ocr_par' dir='ltr' id='par_1_7' title="bbox 292 2564 911 2872">
     <span class='ocr_line' id='line_1_15' title="bbox 292 2564 844 2649; baseline 0 -19"><span class='ocrx_word' id='word_1_67' title='bbox 292 2565 413 2630; x_wconf 79' lang='lat' dir='ltr'><strong>Doctus</strong></span> <span class='ocrx_word' id='word_1_68' title='bbox 427 2564 561 2649; x_wconf 73' lang='lat' dir='ltr'>sagittas</span> <span class='ocrx_word' id='word_1_69' title='bbox 571 2565 703 2630; x_wconf 87' lang='lat' dir='ltr'>tendere</span> <span class='ocrx_word' id='word_1_70' title='bbox 718 2565 844 2630; x_wconf 84' lang='lat' dir='ltr'>Sericas</span> 
     </span>
     <span class='ocr_line' id='line_1_16' title="bbox 293 2675 911 2761; baseline -0.002 -20"><span class='ocrx_word' id='word_1_71' title='bbox 293 2677 380 2741; x_wconf 82' lang='lat' dir='ltr'>Arcu</span> <span class='ocrx_word' id='word_1_72' title='bbox 393 2677 548 2761; x_wconf 79' lang='lat' dir='ltr'>peter-no?</span> <span class='ocrx_word' id='word_1_73' title='bbox 594 2675 677 2744; x_wconf 82' lang='lat' dir='ltr'>Quis</span> <span class='ocrx_word' id='word_1_74' title='bbox 690 2685 787 2760; x_wconf 84' lang='lat' dir='ltr'>neget</span> <span class='ocrx_word' id='word_1_75' title='bbox 801 2676 911 2740; x_wconf 73' lang='lat' dir='ltr'>udaia</span> 
     </span>
     <span class='ocr_line' id='line_1_17' title="bbox 336 2786 773 2872; baseline -0.005 -20"><span class='ocrx_word' id='word_1_76' title='bbox 336 2789 457 2852; x_wconf 84' lang='lat' dir='ltr'>Pronus</span> <span class='ocrx_word' id='word_1_77' title='bbox 469 2786 569 2852; x_wconf 86' lang='lat' dir='ltr'>relabi</span> <span class='ocrx_word' id='word_1_78' title='bbox 582 2807 674 2872; x_wconf 74' lang='lat' dir='ltr'>posoe</span> <span class='ocrx_word' id='word_1_79' title='bbox 688 2787 773 2851; x_wconf 82' lang='lat' dir='ltr'>rivos</span> 
     </span>
    </p>

    <p class='ocr_par' dir='ltr' id='par_1_8' title="bbox 295 2896 976 3224">
     <span class='ocr_line' id='line_1_18' title="bbox 377 2896 915 2979; baseline 0 -15"><span class='ocrx_word' id='word_1_80' title='bbox 377 2898 557 2976; x_wconf 85' lang='lat' dir='ltr'>Montibus,</span> <span class='ocrx_word' id='word_1_81' title='bbox 572 2906 606 2962; x_wconf 85' lang='lat' dir='ltr'>et</span> <span class='ocrx_word' id='word_1_82' title='bbox 620 2896 761 2962; x_wconf 77' lang='lat' dir='ltr'>Tiberim</span> <span class='ocrx_word' id='word_1_83' title='bbox 775 2899 915 2979; x_wconf 72' lang='lat' dir='ltr'>reverti,</span> 
     </span>
     <span class='ocr_line' id='line_1_19' title="bbox 298 3032 925 3119; baseline -0.005 -18"><span class='ocrx_word' id='word_1_84' title='bbox 298 3035 405 3102; x_wconf 78' lang='lat' dir='ltr'>Quum</span> <span class='ocrx_word' id='word_1_85' title='bbox 419 3042 456 3098; x_wconf 90' lang='lat' dir='ltr'>tu</span> <span class='ocrx_word' id='word_1_86' title='bbox 470 3037 634 3119; x_wconf 65' lang='lat' dir='ltr'>coimptos</span> <span class='ocrx_word' id='word_1_87' title='bbox 648 3032 791 3118; x_wconf 88' lang='lat' dir='ltr'>undique</span> <span class='ocrx_word' id='word_1_88' title='bbox 805 3033 925 3099; x_wconf 85' lang='lat' dir='ltr'>nobilia</span> 
     </span>
     <span class='ocr_line' id='line_1_20' title="bbox 295 3143 976 3224; baseline -0.001 -13"><span class='ocrx_word' id='word_1_89' title='bbox 295 3145 407 3211; x_wconf 81' lang='lat' dir='ltr'>Libros</span> <span class='ocrx_word' id='word_1_90' title='bbox 421 3145 556 3224; x_wconf 74' lang='lat' dir='ltr'>Panaeti,</span> <span class='ocrx_word' id='word_1_91' title='bbox 572 3143 769 3208; x_wconf 80' lang='lat' dir='ltr'>Socraticam</span> <span class='ocrx_word' id='word_1_92' title='bbox 784 3152 818 3208; x_wconf 90' lang='lat' dir='ltr'>et</span> <span class='ocrx_word' id='word_1_93' title='bbox 832 3143 976 3224; x_wconf 88' lang='lat' dir='ltr'>domum,</span> 
     </span>
    </p>

    <p class='ocr_par' dir='ltr' id='par_1_9' title="bbox 204 3255 853 3446">
     <span class='ocr_line' id='line_1_21' title="bbox 204 3255 742 3334; baseline -0.007 -11"><span class='ocrx_word' id='word_1_94' title='bbox 204 3263 216 3276; x_wconf 89' lang='lat'>&#39;</span> <span class='ocrx_word' id='word_1_95' title='bbox 337 3257 465 3322; x_wconf 82' lang='lat' dir='ltr'>Mutare</span> <span class='ocrx_word' id='word_1_96' title='bbox 477 3256 584 3322; x_wconf 89' lang='lat' dir='ltr'>loricis</span> <span class='ocrx_word' id='word_1_97' title='bbox 599 3255 742 3334; x_wconf 86' lang='lat' dir='ltr'>Hiberia,</span> 
     </span>
     <span class='ocr_line' id='line_1_22' title="bbox 381 3365 853 3446; baseline -0.011 -12"><span class='ocrx_word' id='word_1_98' title='bbox 381 3369 543 3434; x_wconf 79' lang='lat' dir='ltr'>Pollicitus</span> <span class='ocrx_word' id='word_1_99' title='bbox 556 3367 701 3446; x_wconf 84' lang='lat' dir='ltr'>meliora,</span> <span class='ocrx_word' id='word_1_100' title='bbox 722 3365 853 3430; x_wconf 82' lang='lat' dir='ltr'>tendis?</span> 
     </span>
    </p>
   </div>
   <div class='ocr_carea' id='block_1_8' title="bbox 295 3666 941 3987">
    <p class='ocr_par' dir='ltr' id='par_1_10' title="bbox 295 3666 941 3987">
     <span class='ocr_line' id='line_1_23' title="bbox 606 3666 713 3731; baseline -0.028 1"><span class='ocrx_word' id='word_1_101' title='bbox 606 3666 713 3731; x_wconf 81' lang='lat' dir='ltr'>XXX.</span> 
     </span>
     <span class='ocr_line' id='line_1_24' title="bbox 296 3787 897 3875; baseline -0.005 -17"><span class='ocrx_word' id='word_1_102' title='bbox 296 3793 327 3858; x_wconf 95' lang='lat'>0</span> <span class='ocrx_word' id='word_1_103' title='bbox 341 3792 468 3871; x_wconf 80' lang='lat' dir='ltr'>Varus,</span> <span class='ocrx_word' id='word_1_104' title='bbox 483 3791 595 3875; x_wconf 84' lang='lat' dir='ltr'>regina</span> <span class='ocrx_word' id='word_1_105' title='bbox 610 3788 706 3856; x_wconf 87' lang='lat' dir='ltr'>Cnidi</span> <span class='ocrx_word' id='word_1_106' title='bbox 719 3787 897 3874; x_wconf 82' lang='lat' dir='ltr'>Pepbique,</span> 
     </span>
     <span class='ocr_line' id='line_1_25' title="bbox 295 3901 941 3987; baseline -0.008 -20"><span class='ocrx_word' id='word_1_107' title='bbox 295 3904 414 3987; x_wconf 85' lang='lat' dir='ltr'>Sperne</span> <span class='ocrx_word' id='word_1_108' title='bbox 427 3902 577 3967; x_wconf 78' lang='lat' dir='ltr'>dilectum</span> <span class='ocrx_word' id='word_1_109' title='bbox 593 3902 734 3986; x_wconf 87' lang='lat' dir='ltr'>Cypron,</span> <span class='ocrx_word' id='word_1_110' title='bbox 750 3908 785 3966; x_wconf 89' lang='lat' dir='ltr'>et</span> <span class='ocrx_word' id='word_1_111' title='bbox 798 3901 941 3966; x_wconf 80' lang='lat' dir='ltr'>vocantis</span> 
     </span>
    </p>
   </div>
   <div class='ocr_carea' id='block_1_9' title="bbox 295 4010 887 4191">
    <p class='ocr_par' dir='ltr' id='par_1_11' title="bbox 295 4010 887 4191">
     <span class='ocr_line' id='line_1_26' title="bbox 295 4010 887 4098; baseline -0.008 -18"><span class='ocrx_word' id='word_1_112' title='bbox 295 4013 401 4080; x_wconf 80' lang='lat' dir='ltr'>&#39;l&#39;bure</span> <span class='ocrx_word' id='word_1_113' title='bbox 414 4021 446 4078; x_wconf 88' lang='lat' dir='ltr'>te</span> <span class='ocrx_word' id='word_1_114' title='bbox 459 4013 563 4077; x_wconf 87' lang='lat' dir='ltr'>multo</span> <span class='ocrx_word' id='word_1_115' title='bbox 578 4013 725 4098; x_wconf 80' lang='lat' dir='ltr'>Glycerrc</span> <span class='ocrx_word' id='word_1_116' title='bbox 738 4010 887 4076; x_wconf 85' lang='lat' dir='ltr'>decoram</span> 
     </span>
     <span class='ocr_line' id='line_1_27' title="bbox 464 4122 790 4191; baseline -0.006 0"><span class='ocrx_word' id='word_1_117' title='bbox 464 4125 614 4191; x_wconf 78' lang='lat' dir='ltr'>&#39;lmnsfer</span> <span class='ocrx_word' id='word_1_118' title='bbox 627 4124 663 4190; x_wconf 92' lang='lat' dir='ltr'>in</span> <span class='ocrx_word' id='word_1_119' title='bbox 677 4122 790 4189; x_wconf 78' lang='lat' dir='ltr'>aedem.</span> 
     </span>
    </p>
   </div>
   <div class='ocr_carea' id='block_1_10' title="bbox 295 4261 963 4680">
    <p class='ocr_par' dir='ltr' id='par_1_12' title="bbox 295 4261 855 4342">
     <span class='ocr_line' id='line_1_28' title="bbox 295 4261 855 4342; baseline -0.007 -14"><span class='ocrx_word' id='word_1_120' title='bbox 295 4261 444 4329; x_wconf 79' lang='lat' dir='ltr'>Fervidus</span> <span class='ocrx_word' id='word_1_121' title='bbox 458 4269 566 4327; x_wconf 85' lang='lat' dir='ltr'>tecum</span> <span class='ocrx_word' id='word_1_122' title='bbox 581 4263 679 4342; x_wconf 88' lang='lat' dir='ltr'>Puer,</span> <span class='ocrx_word' id='word_1_123' title='bbox 694 4268 728 4326; x_wconf 87' lang='lat' dir='ltr'>et</span> <span class='ocrx_word' id='word_1_124' title='bbox 742 4261 855 4326; x_wconf 88' lang='lat' dir='ltr'>solutis</span> 
     </span>
    </p>

    <p class='ocr_par' dir='ltr' id='par_1_13' title="bbox 296 4370 963 4459">
     <span class='ocr_line' id='line_1_29' title="bbox 296 4370 963 4459; baseline -0.007 -19"><span class='ocrx_word' id='word_1_125' title='bbox 296 4374 416 4441; x_wconf 78' lang='lat' dir='ltr'>Gratiae</span> <span class='ocrx_word' id='word_1_126' title='bbox 429 4374 525 4453; x_wconf 82' lang='lat' dir='ltr'>zonis,</span> <span class='ocrx_word' id='word_1_127' title='bbox 541 4379 775 4459; x_wconf 88' lang='lat' dir='ltr'>properentque</span> <span class='ocrx_word' id='word_1_128' title='bbox 788 4370 963 4456; x_wconf 72' lang='lat' dir='ltr'>Nymphae,</span> 
     </span>
    </p>

    <p class='ocr_par' dir='ltr' id='par_1_14' title="bbox 296 4484 894 4680">
     <span class='ocr_line' id='line_1_30' title="bbox 296 4484 894 4570; baseline -0.008 -19"><span class='ocrx_word' id='word_1_129' title='bbox 296 4487 342 4551; x_wconf 84' lang='lat' dir='ltr'>Et</span> <span class='ocrx_word' id='word_1_130' title='bbox 358 4505 465 4570; x_wconf 80' lang='lat' dir='ltr'>perum</span> <span class='ocrx_word' id='word_1_131' title='bbox 480 4485 580 4550; x_wconf 91' lang='lat' dir='ltr'>comis</span> <span class='ocrx_word' id='word_1_132' title='bbox 594 4485 663 4550; x_wconf 85' lang='lat' dir='ltr'>sine</span> <span class='ocrx_word' id='word_1_133' title='bbox 677 4492 711 4549; x_wconf 88' lang='lat' dir='ltr'>te</span> <span class='ocrx_word' id='word_1_134' title='bbox 726 4484 894 4561; x_wconf 77' lang='lat' dir='ltr'>luventas,</span> 
     </span>
     <span class='ocr_line' id='line_1_31' title="bbox 464 4595 722 4680; baseline 0.004 -20"><span class='ocrx_word' id='word_1_135' title='bbox 464 4595 722 4680; x_wconf 80' lang='lat' dir='ltr'>Mercuriusque.</span> 
     </span>
    </p>
   </div>
   <div class='ocr_carea' id='block_1_11' title="bbox 386 4731 955 4786">
    <p class='ocr_par' dir='ltr' id='par_1_15' title="bbox 386 4731 955 4786">
     <span class='ocr_line' id='line_1_32' title="bbox 386 4731 955 4786; baseline -0.005 -6"><span class='ocrx_word' id='word_1_136' title='bbox 386 4743 451 4783; x_wconf 79' lang='lat' dir='ltr'>mx.</span> <span class='ocrx_word' id='word_1_137' title='bbox 470 4735 509 4784; x_wconf 82' lang='lat'>1³.</span> <span class='ocrx_word' id='word_1_138' title='bbox 528 4733 637 4786; x_wconf 85' lang='lat' dir='ltr'>nobiles.</span> <span class='ocrx_word' id='word_1_139' title='bbox 772 4746 831 4782; x_wconf 80' lang='lat' dir='ltr'>xxx.</span> <span class='ocrx_word' id='word_1_140' title='bbox 848 4731 872 4778; x_wconf 80' lang='grc'>3.</span> <span class='ocrx_word' id='word_1_141' title='bbox 889 4733 955 4778; x_wconf 89' lang='lat' dir='ltr'>ture.</span> 
     </span>
    </p>
   </div>
   <div class='ocr_carea' id='block_1_12' title="bbox 0 0 1741 5667">
    <p class='ocr_par' dir='ltr' id='par_1_16' title="bbox 0 0 1741 5667">
     <span class='ocr_line' id='line_1_33' title="bbox 0 0 1741 5667; baseline 0 0"><span class='ocrx_word' id='word_1_142' title='bbox 0 0 1741 5667; x_wconf 95' lang='lat' dir='ltr'> </span> 
     </span>
    </p>
   </div>
  </div>
 </body>
</html>
