3450 5667
477 755 712 817 SATIRARUM
749 753 827 811 ΜΒ.
859 753 904 811 ΙΙ.
934 751 972 807 iii.

207 925 357 992 Absolves
372 923 537 989 hominem
551 927 585 984 et
599 919 725 984 sceleris
740 917 907 982 damnabis
920 914 1070 991 eundem,

163 1043 188 1103 ⁵0
208 1042 254 1102 Ex
268 1058 357 1102 more
371 1037 539 1120 imponens
554 1039 689 1115 cognate
704 1029 855 1094 vocabule
869 1027 990 1091 rebus?

211 1149 392 1212 Libertinos
406 1156 486 1219 eret,
503 1143 558 1226 qui
573 1142 693 1206 circum
708 1141 849 1224 compita
862 1140 966 1202 siccus
1127 1137 1166 1178 ⁶⁴⁶·
1177 1133 1201 1223 g]
1210 1135 1230 1223 ζ
1239 1135 1259 1223 ξς
1268 1133 1301 1223 {⁹-

212 1259 321 1323 Leutis
336 1277 433 1320 mune
447 1275 544 1319 senex
559 1252 709 1316 manibus
723 1251 872 1316 currebat
887 1258 932 1326 et,
948 1249 1118 1322 Unum,-
1180 1235 1207 1276 Κ
1217 1235 1236 1276 ¹·
1246 1235 1277 1274 ¹⁰·
1286 1235 1306 1274 ⁰·

214 1369 297 1436 Quid
320 1377 390 1434 tem
415 1363 598 1449 magnum?
630 1361 896 1426 eddens-unum
918 1381 972 1424 me
996 1355 1118 1441 surpite

381 1478 489 1556 morti,

216 1590 271 1653 Dis
284 1589 405 1654 etenim
419 1588 513 1653 facile
527 1593 586 1664 est,
602 1585 734 1664 orebet3
756 1605 854 1648 senus
867 1583 1012 1665 utrisque

163 1705 197 1762 85
217 1701 353 1766 Auribus
369 1707 465 1783 atque
479 1697 580 1762 oculis
588 1723 598 1776 ς
621 1705 773 1772 mentem,
788 1694 851 1757 nisi
863 1694 1033 1776 litigiosus,

218 1812 381 1896 Exciperet
406 1809 567 1887 dominus,
592 1829 667 1872 cum
692 1806 852 1872 venderet.
898 1805 973 1868 Hoc
995 1823 1122 1888 quoque

384 1921 495 2004 volgus

220 2032 410 2116 Chrysippus
424 2031 515 2115 ponit
529 2031 665 2094 fecunda
678 2031 714 2092 in
727 2036 823 2112 gente
838 2029 983 2092 Meneni.

222 2145 352 2227 Jupiter,
367 2143 515 2226 ingentes
531 2141 587 2224 qui
601 2141 658 2205 dus
672 2140 850 2222 adimisque
864 2138 1000 2216 dolores,

221 2255 324 2320 Meter
338 2255 384 2320 eit
398 2254 487 2339 pueri
502 2275 626 2318 menses
637 2255 706 2337 jem
721 2253 864 2336 quinque
877 2251 1035 2330 cubantis,
1137 2274 1184 2317 at.
1194 2275 1216 2316 s.
1226 2275 1245 2316 ι.
1255 2276 1275 2315 o.
1285 2274 1316 2312 n.

163 2369 204 2427 290
223 2365 345 2449 Frigida
358 2366 387 2430 si
400 2387 537 2449 puerum
551 2373 707 2447 quartana
720 2363 897 2446 reliquerit,
910 2363 967 2426 illo

223 2475 316 2540 Mene
330 2476 393 2554 die,
409 2497 473 2560 quo
486 2485 525 2540 tu
538 2475 653 2540 iudicis
663 2474 798 2559 jejunis,
813 2473 920 2537 nudus
996 2529 999 2534 .
1138 2513 1196 2544 m.
1212 2501 1236 2541 c.
1247 2501 1295 2541 ss.
1304 2501 1337 2540 su.

225 2586 262 2648 In
274 2587 381 2651 'liberi
395 2587 503 2650 stabit.
549 2587 649 2652 Cusus
663 2585 844 2650 medicusve
858 2585 971 2649 levarit

224 2696 355 2778 AEgrum
370 2718 409 2761 ex
422 2697 588 2781 pmcipiti,
601 2705 705 2761 meter
719 2698 819 2761 delire
832 2697 960 2762 necabit

225 2805 264 2868 In
276 2808 380 2890 gelida
393 2808 491 2871 fixum
506 2808 576 2891 ripe
588 2807 767 2891 febrimque
782 2807 923 2872 reducet.

163 2913 206 2975 295
228 2915 335 2980 Quone
351 2918 435 2980 melo
448 2925 591 2980 mentem
606 2918 783 2980 concussa?
826 2917 954 2981 'limone
968 2917 1111 2982 deornm.
1140 2926 1189 3006 3:22
1198 2913 1223 3004 g·
1230 2914 1252 3004 ᾗ
1259 2912 1334 3004 {7¹st

227 3024 301 3090 Haec
315 3027 395 3090 mihi
411 3027 593 3106 Stertinius,
609 3027 790 3111 sapientum
804 3035 946 3106 octavus,
961 3029 1064 3093 emico

227 3137 320 3200 Arme
333 3137 430 3215 dedit,
445 3138 578 3221 posthac
592 3159 635 3201 ne
649 3139 856 3221 compellerer
870 3137 1003 3202 inultus.
1030 3116 1039 3130 ¹

229 3245 347 3311 Dixerit
357 3248 507 3312 insenum
522 3249 578 3331 qui
592 3269 655 3327 me,
671 3248 806 3312 totidem
821 3249 931 3313 audiet
945 3257 1042 3332 etque
1143 3265 1186 3312 et-
1197 3261 1219 3300 8·
1228 3259 1248 3299 ²·
1257 3259 1277 3299 ¹·
1286 3259 1318 3297 ⁴⁶1

230 3357 389 3441 Respicere
403 3359 515 3442 ignoto
530 3359 631 3423 discet
643 3359 816 3442 pendentia
830 3367 933 3442 tergo.

163 3463 214 3524 300
234 3467 342 3548 Stoice,
358 3477 429 3554 post
444 3469 598 3534 damnum
611 3469 657 3532 sic
671 3469 789 3533 vendes
803 3471 911 3534 omniu
932 3471 1043 3554 pluris,
1143 3489 1203 3528 ω.
1229 3485 1291 3526 21⁹·

233 3577 299 3642 Qua
313 3601 364 3644 me
378 3581 526 3659 stultitia,
542 3581 694 3662 quoniam
707 3602 773 3644 uon
788 3589 836 3645 est
851 3603 953 3665 genus
972 3603 1087 3660 unum,

233 3685 370 3754 Insanire
384 3691 502 3774 putus?
525 3711 585 3773 ego
598 3711 675 3754 nem
689 3690 798 3755 videor
812 3691 893 3754 mihi
907 3713 1014 3754 sunus.

234 3796 338 3863 Quid?
360 3808 456 3884 ceput
470 3801 645 3864 abscissum
660 3801 807 3865 manibus
818 3823 894 3866 cnm
904 3811 1011 3885 portet
1022 3803 1132 3886 Agere

235 3907 326 3973 Gnati
340 3911 486 3990 infelicis,
502 3911 564 3975 sibi
578 3920 650 3975 tum
663 3911 784 3976 furioso
797 3913 947 3976 ridetur?

167 4013 215 4077 305
235 4019 372 4086 Stultum
386 4044 438 4086 me
452 4022 564 4101 fateor,
579 4023 674 4088 liceat
689 4023 860 4088 concedere
875 4025 967 4102 veris,

233 4131 335 4214 Atque
349 4133 447 4196 etium
455 4133 625 4212 insannm3
640 4142 769 4198 tentum
778 4134 840 4198 hoc
849 4135 997 4212 edissere,
1007 4155 1072 4217 qno
1080 4153 1134 4196 me

234 4239 396 4325 AEgrotare
409 4251 503 4327 putes
517 4245 617 4308 enimi
630 4245 718 4310 vitio.
763 4246 902 4329 Accipe:
924 4247 1066 4329 primum

236 4351 402 4434 AEdifices3
424 4355 486 4420 hoc
501 4367 561 4434 cst,
576 4357 690 4440 longos
704 4357 840 4420 imitaris
855 4357 896 4421 eb
910 4357 977 4422 imo

235 4463 282 4525 Ad
296 4487 458 4529 summum
472 4474 561 4530 totus
575 4467 698 4531 moduli
713 4467 879 4552 bipedalis,
895 4476 929 4532 et
942 4466 1028 4531 idem

170 4565 219 4630 310
237 4573 369 4660 Corpore
382 4578 539 4661 majorem
554 4577 639 4642 rides
652 4579 811 4643 'l’nrbonis
826 4579 861 4641 in
876 4578 973 4640 ermis

173 4743 214 4790 Ν
224 4751 345 4810 trundum.
395 4754 599 4806 mercedest
662 4757 720 4806 286.
733 4757 833 4820 vulgus.
885 4755 1138 4805 eoademenscum.
