3450 5667
511 788 801 848 mereremur!
822 791 901 846 ΗΒ.
929 791 957 848 Ι.
985 791 1054 848 xvii.

253 949 287 1011 Si
300 949 440 1032 pmdeeee
453 951 520 1014 tuis
533 953 691 1035 pauloque
705 951 878 1035 benignius
896 953 1004 1036 ipsum

252 1059 294 1122 'l'e
306 1067 438 1124 nectare
450 1061 550 1140 voles,
565 1061 697 1126 accedes
711 1063 815 1126 siccus
829 1062 871 1126 ad
883 1071 1032 1127 unctum.

252 1167 285 1230 Si
297 1169 460 1251 pranderet
474 1171 545 1234 clun
558 1171 729 1254 petienter,
744 1171 875 1254 regibus
887 1172 939 1236 ub‘

250 1276 354 1343 Nollet
366 1281 559 1364 Adutippue.
605 1281 642 1344 Si
655 1282 751 1345 sciret
764 1281 896 1363 regibm
908 1282 960 1346 uti

196 1389 230 1448 15
251 1387 411 1453 Fastidiret
424 1390 507 1468 oluu,
522 1390 579 1473 qui
593 1411 647 1455 me
660 1399 764 1456 notat.
809 1392 927 1456 Utrinu
939 1391 1057 1456 burum
1185 1409 1340 1454 cunm

250 1498 349 1562 Verba
360 1499 474 1583 probes
487 1507 521 1563 et
534 1500 630 1578 beta,
646 1501 735 1579 doce,
750 1500 800 1565 vel
809 1501 922 1585 junior
934 1500 1021 1580 endi,

251 1609 313 1672 Cur
325 1609 365 1672 sit
378 1610 533 1692 Aristippi
547 1610 652 1693 potior
666 1611 827 1674 sententie
837 1637 847 1689 3
869 1632 1011 1694 numque

250 1718 425 1784 Mordncem
440 1721 600 1804 Cynicum
615 1721 662 1786 ric
677 1721 836 1800 eludebat,
851 1729 891 1785 ut
904 1723 1018 1786 aiunt:

251 1829 375 1892 Scurror
387 1851 448 1912 ego
462 1831 530 1913 ipse
544 1830 635 1908 mibi,
651 1831 770 1915 populo
782 1839 842 1910 tu,
864 1833 984 1920 rectius
997 1832 1060 1896 boc
1072 1840 1107 1895 et
1183 1849 1365 1904 uernum,

196 1939 233 1999 20
251 1939 443 2020 splendidius
456 1940 562 2004 multo
575 1948 635 2004 eet.
668 1943 781 2024 Equus
790 1949 827 2004 ut
835 1962 889 2005 me
898 1951 1017 2026 portet,
1028 1943 1170 2021 datter,
1234 1905 1317 1950 m)

250 2046 387 2114 Officium
401 2049 505 2114 facim
528 2056 566 2113 tu
581 2051 684 2134 poecis
697 2050 773 2114 vilia
787 2073 906 2131 rerum

249 2157 345 2224 Dante
359 2159 476 2238 minor,
492 2161 637 2243 quamvis
650 2161 714 2226 fere
727 2169 762 2225 te
775 2161 898 2225 nullius
911 2169 1072 2245 egentem.

249 2268 353 2332 Omnis
367 2269 568 2354 Aristippum
583 2269 691 2336 decuit
705 2271 839 2336 coloret
853 2279 958 2336 utatur
971 2280 1006 2336 et
1018 2293 1082 2351 ree,
1182 2298 1224 2340 ai
1234 2297 1355 2342 euim.
1397 2321 1404 2330 -

247 2375 459 2462 Temptantem
474 2381 598 2464 majora
611 2381 677 2444 fere
689 2381 901 2464 presentibus
913 2403 1052 2465 equum

196 2485 230 2544 25
250 2484 371 2566 Contra,
386 2509 483 2570 quem
498 2487 619 2572 duplici
633 2510 739 2573 panno
752 2489 908 2572 patientia
920 2491 1018 2568 velut3

247 2594 391 2676 Minabor,
406 2597 587 2661 vitaeviaui
601 2617 753 2662 contem
766 2598 902 2664 decebit.
1181 2624 1356 2668 neuun

247 2705 332 2768 Alter
343 2727 539 2790 purpureum
552 2726 619 2769 non
633 2704 814 2789 expectabit
829 2707 995 2786 amictum,

248 2813 403 2880 Quidlibet
416 2815 550 2880 indutus
563 2815 768 2879 celeberrima
782 2837 840 2900 per
853 2817 925 2880 luca
938 2818 1041 2895 vadet,

247 2927 473 3012 Peinonumque
487 2927 569 2991 feret
582 2947 648 2992 non
662 2927 873 2992 inconcinnus
887 2937 1058 3011 utramque
1069 2953 1080 3004 3

195 3036 229 3097 30
247 3037 331 3102 Alter
344 3039 451 3102 Mileti
465 3045 587 3102 tentum
602 3057 680 3101 cane
694 3037 785 3121 pejus
798 3045 832 3100 et
846 3037 945 3120 ungui

246 3147 363 3213 Vitabit
377 3149 588 3232 chlamydem,
605 3148 761 3211 morietur
774 3147 903 3230 frigore,
919 3147 947 3210 ei
961 3167 1028 3210 non

246 3257 409 3323 Rettulerie
422 3280 576 3343 pannum.
622 3257 720 3322 Beier
732 3265 766 3320 et
780 3257 850 3321 sine
863 3257 950 3320 vivat
963 3257 1103 3340 ineptus.

247 3366 304 3432 Rce
317 3389 424 3451 gerere
439 3375 472 3432 et
487 3375 596 3451 captos
610 3365 778 3431 ostendere
792 3366 914 3430 civibus
927 3365 1037 3429 hostes

248 3478 380 3562 Attingit
394 3479 510 3543 solium
526 3481 546 3542 J
547 3479 615 3543 ovis
629 3486 663 3542 et
677 3477 818 3543 celestia
831 3485 990 3561 temptat:

196 3585 228 3646 35
249 3587 438 3672 Principibus
452 3589 605 3672 placuisse
620 3588 694 3652 viris
708 3609 775 3652 non
789 3587 906 3650 ultima
919 3586 988 3650 laun
1003 3594 1062 3651 eet.
1179 3592 1213 3635 ⁸⁵·
1223 3583 1362 3678 {iffi-3·

247 3699 316 3762 Non
329 3701 427 3764 cuivis
440 3701 564 3765 homini
579 3699 738 3784 contingit
753 3699 840 3762 adire
855 3697 1059 3762 Corinthum.

248 3809 340 3888 Sedit,
356 3811 411 3892 qui
426 3811 544 3888 timuit,
560 3831 601 3874 ne
615 3831 682 3874 non
697 3807 891 3874 succederet.
935 3808 1035 3872 Esto!

248 3919 336 3998 Quid,
353 3921 408 4004 qui
422 3921 575 4004 pervenit,
590 3919 708 3984 fecitne
723 3918 881 3982 viriliter?
925 3917 1028 4001 Atqui

248 4027 306 4094 Hic
318 4041 366 4097 eet
381 4039 438 4095 aut
460 4053 629 4115 nusquam,
654 4029 739 4114 quod
765 4028 948 4112 querimur.
995 4027 1061 4090 Hic
1086 4046 1168 4089 onus

386 4140 507 4219 horret,

195 4247 229 4306 40
247 4250 290 4313 Ut
301 4252 404 4335 parvis
419 4252 535 4328 animis
550 4259 583 4315 et
595 4269 694 4334 parvo
709 4269 838 4334 corpore
853 4248 978 4332 majus:

247 4359 304 4424 Hic
317 4363 403 4427 subit
418 4371 453 4426 et
466 4361 596 4446 perfert.
640 4361 710 4424 Aut
724 4360 826 4423 virtus
839 4379 959 4422 nomen
972 4356 1067 4418 inane
1082 4361 1142 4434 eet,

245 4473 307 4535 Aut
320 4472 415 4537 decue
430 4480 464 4536 et
476 4471 618 4555 pretium
632 4477 718 4534 recte
733 4468 814 4553 petit
830 4466 993 4552 experiens
1008 4465 1066 4528 vir.

245 4579 349 4645 Corum
365 4603 440 4667 rege
454 4602 512 4645 suo
527 4580 567 4645 de
581 4587 768 4664 paupertate
781 4586 924 4642 tacentes
1180 4601 1227 4644 rer·
1237 4591 1263 4634 u.
1273 4592 1292 4633 1·
1301 4591 1321 4634 ⁷·
1330 4591 1364 4634 ⁸⁷·

195 4710 224 4760 1³.
235 4713 306 4766 bolus.
371 4721 412 4769 20.
431 4715 736 4774 incrementorum.
803 4714 843 4762 83.
861 4711 954 4761 bottis.
1020 4709 1167 4761 &tentet

555 4783 596 4830 41.
614 4781 747 4831 tinuneut.

1132 4852 1183 4901 112
