3450 5667
714 701 747 773 Q.
769 701 927 758 HORATI
948 699 1094 758 meet

506 863 578 927 Neo
594 863 697 928 vicina
710 863 820 928 subest
834 865 944 928 vinum
958 863 1100 948 praebere
1114 862 1248 926 taberna

508 976 590 1040 Quae
604 976 703 1058 possit
718 977 788 1055 tibi,
805 997 865 1041 nee
880 976 1028 1041 meretrix
1043 976 1187 1052 tibicina,
1200 975 1291 1058 eujus
1463 976 1507 1036 25

294 1097 336 1138 ἀι·
347 1095 370 1136 0·
381 1098 400 1137 ³·
411 1097 442 1137 18-
452 1097 483 1138 ¹⁵·
506 1085 560 1149 Ad
576 1087 745 1170 strepitum
761 1087 855 1151 sellas
869 1094 965 1151 terrae
980 1087 1104 1170 gravis:
1128 1093 1163 1150 et
1175 1093 1286 1149 tamen
1300 1103 1396 1166 urges

507 1196 529 1257 J
530 1194 705 1278 ampridem
721 1217 786 1259 non
801 1203 890 1260 taeta
902 1195 1063 1280 ligonibus
1078 1215 1153 1258 arva
1165 1193 1342 1276 bovemque

506 1306 715 1390 Disjunotum
731 1329 824 1372 ouras
838 1315 873 1372 et
886 1308 1006 1371 strictis
1020 1305 1187 1371 frondibus
1206 1305 1332 1388 exples:

506 1415 609 1480 Addit
624 1438 704 1500 opus
718 1418 810 1501 pigro
824 1419 922 1495 rivus,
937 1417 965 1480 si
979 1415 1099 1480 decidit
1112 1414 1224 1493 imber,

507 1526 616 1590 Multa
630 1528 714 1591 mole
729 1526 891 1592 doeendus
906 1527 1014 1610 eprioo
1027 1547 1157 1610 paroere
1170 1532 1274 1608 prato.
1463 1526 1509 1586 30

505 1635 606 1700 Nunc
620 1657 690 1720 age,
706 1636 782 1720 quid
797 1645 944 1702 nostrum
958 1645 1151 1702 ooucentum
1165 1635 1295 1715 dividat,
1311 1635 1398 1699 audi.

508 1746 615 1810 Quem
629 1753 742 1831 tenues
756 1745 891 1811 decuere
905 1754 989 1830 togae
1002 1746 1159 1830 nitidique
1173 1746 1290 1830 capilli,

257 1917 261 1924 .
296 1870 345 1912 0⁶⁸·
356 1869 380 1911 ⁰·
390 1869 409 1912 t
420 1869 438 1911 ¹·
448 1869 468 1910 ⁴
508 1855 615 1922 Quem
629 1856 691 1921 sois
705 1857 882 1921 immunem
898 1858 1023 1922 (linare
1037 1858 1194 1942 placuisse
1215 1857 1333 1941 rapaci,

509 1969 615 2033 Quem
631 1967 777 2032 bibulum
792 1969 904 2051 liquidi
918 1969 1025 2034 media
1039 1969 1079 2033 de
1095 1969 1168 2033 luee
1183 1968 1319 2045 Falerni,

509 2079 597 2142 Cena
611 2078 715 2142 brevis
726 2080 820 2162 juvat
834 2087 868 2144 et
882 2101 978 2164 prope
992 2080 1097 2143 rivum
1112 2101 1244 2143 somnus
1259 2079 1294 2142 in
1306 2079 1427 2156 herba,
1463 2082 1506 2142 35

264 2167 270 2183 ,
294 2218 328 2268 ,a
340 2215 365 2257 u,
374 2216 393 2256 a.
403 2217 422 2256 s.
433 2216 477 2256 ru.
507 2189 579 2254 Neo
594 2190 707 2254 lusisse
721 2190 831 2274 pudet,
848 2192 903 2256 red
918 2213 984 2256 non
997 2191 1137 2256 incidere
1151 2191 1275 2254 ludum.

508 2301 586 2365 Non
600 2300 672 2364 istie
687 2301 816 2384 obliquo
830 2303 924 2366 oculo
938 2324 1011 2366 mea
1024 2301 1191 2368 eommoda
1210 2300 1377 2386 quisquam

508 2409 629 2488 Limat,
645 2433 711 2475 non
726 2411 798 2476 odio
813 2411 950 2475 obscuro
963 2433 1135 2494 morsuque
1149 2418 1307 2490 venenat3

295 2555 328 2594 ,9.
340 2541 364 2584 a.
375 2543 394 2582 1.
404 2543 422 2584 r.
432 2543 464 2582 ss.
510 2521 630 2585 Rident
645 2522 742 2585 vieini
756 2523 864 2604 glebas
879 2529 912 2585 et
926 2544 1002 2585 saxa
1016 2530 1208 2586 moventem.

509 2634 593 2697 Cum
609 2633 707 2696 servis
722 2631 844 2696 urbana
858 2631 961 2695 diaria
973 2631 1086 2696 rodere
1101 2632 1203 2710 mavis
1210 2659 1221 2711 3
1465 2637 1511 2697 40

511 2744 637 2807 Horum
654 2742 741 2806 tuin
757 2764 927 2807 numerum
942 2751 1018 2807 voto
1031 2743 1107 2807 ruis.
1153 2743 1281 2808 Invidet
1294 2765 1388 2807 usum

510 2853 690 2936 Lignorum
706 2861 738 2915 et
753 2852 875 2936 peeoris
889 2853 951 2917 tibi
964 2855 1034 2916 oalo
1049 2861 1183 2937 argutus
1197 2861 1231 2917 et
1244 2833 1341 2918 horti.

510 2965 612 3046 Optat
627 2961 775 3044 ephippia
788 2961 846 3025 bos
862 2962 952 3045 piger
965 2969 1055 3046 optat
1070 2983 1160 3027 arare
1174 2964 1315 3028 caballus
1323 2991 1334 3042 3

511 3076 619 3140 Quam
634 3071 695 3136 scit
709 3081 854 3156 uterque,
870 3073 985 3153 libens,
1000 3073 1146 3154 oonsebo,
1162 3082 1306 3139 exerceat
1321 3081 1432 3138 artem.

975 3575 1051 3639 xv.
1148 3551 1158 3570 ‘

395 3805 398 3814 ,
512 3739 596 3806 Qum
612 3739 653 3802 sit
667 3737 791 3822 hiemps
805 3736 918 3816 Veliae,
935 3737 1019 3820 quod
1034 3737 1157 3815 eaelum,
1174 3737 1267 3817 Vela,
1284 3737 1419 3817 Salerni,

512 3851 659 3915 Quorum
675 3849 842 3912 hominum
858 3849 947 3930 regio
961 3856 994 3911 et
1009 3848 1112 3929 qualis
1127 3847 1198 3924 via;
1218 3847 1306 3930 (nam
1316 3850 1396 3912 mihi
1411 3851 1508 3913 Baias

511 3960 609 4023 Musa
623 3981 831 4043 supervacuas
846 3957 1019 4035 Antonius,
1034 3967 1067 4022 et
1082 3967 1192 4022 tamen
1206 3958 1269 4023 illis

511 4071 569 4134 Me
584 4070 661 4134 feeit
675 4070 824 4148 invisum,
841 4069 947 4153 gelida
961 4090 1035 4133 oum
1050 4069 1177 4153 perluor
1192 4070 1280 4134 unda

511 4183 574 4246 Per
589 4181 729 4245 medium
744 4181 856 4264 frigus.
902 4183 987 4252 Sene
1000 4189 1142 4245 murteta
1154 4183 1293 4266 relinqui
1488 4187 1508 4246 5

510 4291 671 4376 Dictaque
685 4299 864 4354 cessantem
880 4291 984 4354 nervis
998 4291 1114 4356 elidere
1128 4291 1277 4356 morbum

512 4403 675 4486 Sulphura
690 4402 851 4464 contemni
867 4401 956 4466 vicus
971 4403 1082 4486 gemit,
1098 4402 1224 4466 invidus
1238 4404 1341 4487 aegris,

297 4527 346 4566 ΜΡ·
357 4513 382 4556 ³·
393 4516 412 4556 ¹·
424 4514 455 4556 ¹⁰·
465 4511 496 4552 ¹⁴·
513 4513 579 4580 Qui
594 4521 691 4595 eaput
705 4518 739 4575 et
753 4511 954 4575 stomachum
969 4534 1147 4596 supponere
1161 4513 1304 4577 fontibus
1318 4514 1437 4578 audent

512 4621 662 4701 Clusinis,
680 4621 864 4705 Gabiosque
879 4630 993 4705 petunt
1008 4631 1041 4686 et
1056 4622 1270 4705 frigidarum.
