3450 5667
779 727 813 802 ρ.
835 726 998 787 uocari
1013 727 1158 787 suacci

1058 1022 1102 1085 V.

707 1160 807 1225 cm
821 1164 991 1223 tonantem
1007 1156 1202 1222 credidimus
1217 1158 1241 1221 J
1241 1177 1339 1221 ovem

708 1271 878 1353 Regnare:
900 1290 1042 1353 praesens
1057 1268 1151 1333 divus
1165 1268 1344 1334 habebitur

749 1384 931 1465 Augustus,
947 1378 1083 1463 adjectis
1099 1380 1269 1444 Britannis

794 1492 938 1577 Imperio
953 1490 1167 1575 gravibusque
1183 1491 1305 1557 Persis.

707 1626 848 1693 Mileauc
864 1628 972 1693 Crassi
988 1628 1126 1711 conjuge
1141 1627 1281 1693 barbara
1541 1620 1555 1675 5

707 1739 824 1823 'liirpis
838 1738 975 1803 maritus
988 1738 1095 1803 vixit?
1117 1748 1151 1803 ct
1165 1738 1359 1803 hostium-

752 1851 817 1915 Pro
832 1850 944 1928 Curia,
959 1848 1141 1933 inversique
1154 1870 1263 1914 mores
1278 1850 1336 1914 l·-

795 1960 975 2025 Ccuscnuit
988 1981 1172 2026 socerorum
1186 1961 1222 2025 in
1237 1960 1349 2038 armis,

363 2118 421 2171 Δμ.
431 2118 456 2159 c.
467 2118 485 2159 1.
492 2118 524 2159 m.
531 2118 563 2159 aa
710 2096 780 2161 Sub
794 2118 870 2181 rege
884 2096 997 2176 Medo,
1013 2098 1145 2162 Marsus
1160 2107 1194 2162 ct
1209 2099 1348 2183 Apulus,

707 2208 911 2273 Auciliorum
926 2217 960 2273 et
976 2210 1117 2273 nominis
1131 2217 1165 2273 et
1180 2218 1267 2294 togae

752 2319 894 2399 Oblitus,
910 2328 1104 2405 aetemoeque
1117 2312 1238 2399 Ves'tae,

795 2432 958 2497 Incolumi
974 2434 995 2496 J
996 2454 1054 2497 ove
1068 2444 1103 2497 et
1116 2432 1196 2497 urbe
1212 2432 1347 2497 Roma?

710 2567 784 2632 Hoc
798 2576 925 2631 caverat
940 2588 1032 2631 meus
1048 2567 1179 2653 provida
1194 2568 1326 2652 Reguli,

708 2678 937 2744 Dissentieutia
951 2678 1193 2744 condicionibus

752 2789 871 2868 Foedis,
887 2797 921 2855 et
935 2790 1082 2875 exemplo
1096 2790 1254 2855 trahentis

795 2902 977 2968 Pemiciem
991 2903 1122 2967 venicus
1136 2903 1171 2966 in
1185 2924 1299 2980 aevum,

710 3038 747 3102 Si
761 3059 828 3103 non
842 3039 961 3123 periiet
974 3038 1214 3103 immiserabilis

710 3151 845 3235 Captiva
857 3150 968 3236 pubes.
1014 3156 1037 3187 “
1051 3151 1153 3235 Signa
1166 3172 1225 3235 ego
1240 3150 1376 3217 Punicis

752 3260 858 3327 Affixa
873 3260 1024 3341 delubris,
1039 3268 1074 3325 et
1088 3282 1179 3326 arma

367 3402 401 3432 ιο.
411 3390 436 3432 c.
446 3391 465 3431 s
476 3390 507 3431 le
516 3390 549 3431 ss.
797 3372 960 3437 Militibus
975 3372 1045 3437 siue
1059 3372 1181 3453 caede,”
1204 3372 1294 3451 dixit,

678 3514 702 3546 “
713 3509 855 3593 Dereptu
868 3508 952 3573 vidi:
976 3508 1041 3571 vidi
1055 3529 1115 3592 ego
1130 3508 1248 3573 civium

367 3648 400 3679 ιι.
410 3636 436 3678 a.
446 3637 465 3678 a.
476 3637 495 3678 1.
505 3636 549 3677 1⁰1.
711 3622 848 3687 Retorta
861 3631 954 3708 tergo
968 3622 1117 3689 bracchia
1130 3625 1242 3703 libero,

753 3734 931 3818 Portcsque
946 3755 1013 3799 non
1027 3736 1160 3814 clausas,
1176 3744 1209 3801 et
1224 3756 1298 3800 arva

797 3847 908 3911 Marte
922 3846 984 3910 coli
998 3847 1151 3931 populata
1164 3856 1286 3913 nostro.

677 3983 803 4047 “Auro
816 4003 971 4067 repensus
985 3982 1107 4048 scilicet
1121 3982 1225 4049 acrior

711 4094 811 4158 Miles
823 4093 943 4158 redibit
957 4094 965 4157 l
991 4094 1129 4179 Flagitio
1145 4093 1264 4159 additis

754 4206 931 4271 Damnum.
975 4205 1093 4289 Neque
1108 4204 1241 4269 amissos
1257 4204 1379 4295 colores

797 4317 891 4381 Lana
904 4316 1002 4381 refert
1017 4316 1177 4381 medicata
1190 4316 1276 4395 fuco,

676 4454 779 4519 “Nec
792 4473 868 4518 vcra
880 4453 994 4532 virtus,
1010 4474 1084 4517 cum
1099 4452 1198 4517 semel
1212 4450 1342 4530 excidit,

710 4570 811 4634 Curat
825 4566 937 4651 reponi
952 4565 1173 4631 deterioribus.

778 4732 801 4778 8.
814 4730 891 4778 arvis.
959 4728 999 4801 1¹5.
1011 4729 1135 4787 trahenti,
1148 4728 1181 4777 K.
1249 4728 1290 4777 21.
1302 4726 1414 4789 direpta
