3450 5667
485 737 775 796 EPISTOLARUM
809 737 888 794 ΗΒ.
916 735 962 794 ΙΙ.
991 735 1010 793 i.
1311 735 1368 794 237

235 897 322 962 Mox
334 897 472 962 trahitur
485 900 638 964 manibus
652 921 766 984 regum
780 900 912 965 fortuna
925 897 1066 976 retortis,
1165 921 1207 960 m.
1217 919 1242 960 c.
1252 921 1301 961 aa
1311 921 1343 962 aa

236 1009 359 1072 Beseda
371 1008 539 1086 festinant,
554 1010 689 1094 pilenta,
704 1010 868 1093 petorrita,
884 1031 992 1087 naves,
1162 1037 1209 1086 με.
1220 1035 1241 1076 s.
1253 1035 1271 1076 1.
1280 1037 1301 1076 a
1312 1037 1355 1078 lot.

237 1119 408 1200 Captivum
421 1127 572 1202 portatur
585 1119 678 1198 ebur,
693 1120 819 1203 eaptiva
833 1118 1022 1183 Corinthus.

238 1226 279 1289 Si
293 1227 373 1292 roret
385 1229 421 1292 in
433 1228 541 1307 terris,
555 1228 677 1293 rideret
691 1229 908 1306 Democritus,
922 1249 980 1292 seu
1164 1239 1363 1285 veel-1³²1&

149 1337 213 1398 195
238 1337 408 1402 Diversum
422 1339 558 1404 eonfnsa
570 1360 673 1422 genna
685 1339 844 1422 panthera
856 1339 990 1414 camelo,

238 1447 319 1511 Sive
331 1448 454 1532 elephea
468 1448 561 1513 albus
574 1449 660 1532 volgi
675 1457 875 1513 eonverteret
889 1469 967 1526 ora;

238 1559 405 1642 spectaret
418 1560 572 1643 popnlnm
586 1559 672 1623 ludia
686 1560 843 1624 attentius
855 1559 946 1644 ipsis,

239 1670 293 1732 Ut
305 1669 363 1732 sibi
376 1669 575 1752 prebentem
588 1669 691 1733 mimo
704 1669 887 1752 spectacula
900 1668 1011 1752 plura3

239 1780 417 1864 Scriptorum
430 1788 541 1844 autem
555 1801 686 1844 narrare
699 1789 828 1865 putaret
842 1783 941 1845 asello

151 1893 217 1954 200
239 1891 401 1956 Fabellam
415 1892 523 1958 surdo.
566 1895 656 1958 Nam
671 1915 744 1977 quie
756 1893 941 1977 pervincere
954 1913 1047 1956 voees

238 2000 393 2064 Evaluere
407 2021 535 2081 aonam,
549 2002 695 2066 referunt
709 2023 807 2086 quem
820 2007 932 2065 noatra
945 2001 1097 2066 theatra?

239 2112 427 2194 Garganum
440 2111 567 2193 mugire
580 2119 674 2195 pntea
688 2131 804 2175 nemus
818 2118 876 2175 ant
890 2131 977 2174 mare
1000 2111 1152 2188 Tuscum,
1166 2129 1221 2171 ear.
1230 2129 1256 2172 c.
1265 2130 1286 2173 a
1295 2131 1315 2171 a.
1324 2129 1344 2174 r.

237 2219 432 2282 Tantoeum
445 2220 584 2302 strepitu
597 2221 667 2285 ludi
681 2228 869 2304 spectantur
883 2227 917 2284 et
938 2227 1023 2284 artes
1164 2245 1330 2288 meses.

236 2329 431 2414 Divitiaeqne
443 2332 630 2415 peregrinae,
646 2333 763 2416 quibus
776 2332 897 2396 oblitus
912 2339 1002 2396 actor
1164 2359 1207 2402 ou.
1217 2360 1299 2404 eae.
1309 2361 1341 2404 ia

152 2441 214 2501 205
237 2440 322 2504 Onm
334 2441 425 2505 stetit
438 2441 475 2504 in
488 2463 594 2521 seena,
609 2443 773 2507 concurrit
786 2443 917 2508 dextere
930 2443 1027 2508 laevae.

235 2550 328 2614 Dixit
340 2550 447 2614 adhue
461 2551 607 2635 aliquid?
628 2553 688 2616 Nil
702 2573 790 2618 sane.
826 2553 913 2619 Quid
928 2553 1033 2636 pleeet
1048 2551 1151 2636 ergo?

235 2661 517 2726 Lana'l'arentino
530 2662 632 2726 violas
645 2663 775 2728 imitata
786 2683 922 2728 veneno.
1164 2683 1209 2724 nr·
1219 2671 1243 2714 ⁰·
1253 2673 1273 2714 ³·
1282 2673 1301 2713 ⁵-
1311 2673 1343 2713 Β.

234 2775 285 2838 Ae
299 2793 342 2836 ne
355 2771 439 2836 forte
452 2780 547 2855 putes
561 2793 626 2852 me,
642 2795 715 2857 qna
728 2773 832 2838 faeere
845 2773 914 2858 ipse
929 2793 1085 2851 recusem,
1164 2788 1218 2839 aes·
1234 2787 1258 2830 Β.
1270 2789 1360 2830 1-1·1³·

234 2883 322 2947 Cum
334 2891 423 2947 reete
435 2889 578 2946 tractent
593 2882 660 2961 alii,
674 2882 806 2947 laudare
820 2883 960 2966 maligne
973 2909 981 2948 τ

153 2993 214 3054 210
234 2992 298 3056 Ille
310 3012 369 3075 per
383 2998 552 3056 extentum
566 2990 678 3055 funem
691 2990 773 3054 mihi
787 3011 879 3075 poene
893 2990 1021 3056 videtur

234 3102 290 3166 Ire
303 3105 411 3184 poeta,
426 3120 537 3164 meum
551 3099 608 3182 qni
621 3106 734 3183 peetus
747 3099 888 3163 inaniter
903 3099 1003 3184 angit,

232 3209 361 3288 Irritat,
376 3209 506 3288 mnleet,
523 3207 610 3272 saleis
624 3208 802 3272 terroribus
814 3209 940 3294 implet,

233 3323 286 3386 Ut
299 3341 424 3403 magns,
436 3335 470 3384 et
480 3319 577 3384 modo
585 3339 639 3383 me
648 3319 779 3399 Thebis,
792 3320 889 3386 modo
897 3315 988 3404 penit
999 3321 1147 3386 Athenis.

230 3432 360 3496 Verum
375 3452 435 3515 age
447 3439 482 3495 et
495 3431 557 3510 hia,
573 3431 630 3514 qni
643 3452 678 3495 ae
691 3430 805 3496 lectori
819 3431 947 3498 eredere
962 3434 1087 3498 malunt

154 3541 209 3603 215
233 3542 346 3608 Quam
360 3541 547 3624 spectatoris
561 3541 690 3606 fastidia
703 3541 787 3606 ferre
800 3542 939 3627 superbi,
1157 3553 1206 3605 sas·
1216 3551 1237 3594 ⁸·
1247 3553 1266 3596 ¹·
1275 3555 1295 3595 ⁶-
1305 3555 1337 3596 ω.

231 3651 358 3715 Curam
371 3649 468 3714 redde
482 3649 620 3730 brevem,
635 3651 664 3714 ai
677 3671 796 3716 munus
809 3652 959 3735 Apolline
973 3651 1106 3736 dignum
1162 3673 1219 3723 apo.
1229 3669 1255 3712 n.
1264 3671 1283 3712 1.
1293 3672 1312 3712 a.
1320 3671 1351 3712 n.

231 3760 298 3824 via
311 3760 470 3844 complere
484 3759 575 3824 libris
589 3769 625 3824 et
639 3761 766 3826 vatibus
779 3761 896 3826 addere
911 3763 1025 3843 calcar,

231 3868 287 3933 Ut
299 3867 407 3932 atndio
419 3868 541 3952 majore
555 3876 667 3953 petant
682 3869 841 3934 Helieone
853 3869 1019 3936 virentem.

230 3977 351 4042 Malta
363 3978 493 4061 quidem
506 3980 599 4046 nobis
613 3980 749 4045 facimus
763 3983 848 4045 male
862 4003 945 4068 saepe
960 3989 1071 4068 podtae,

155 4087 208 4152 220
233 4088 287 4154 Ut
301 4089 408 4152 vineta
421 4099 549 4172 mmet
563 4089 685 4154 eadam
700 4113 780 4170 mea,
797 4113 872 4156 eum
886 4093 947 4159 tibi
962 4095 1078 4160 librum

232 4195 384 4262 Sollicito
396 4196 510 4262 damna
524 4205 582 4262 ant
595 4198 701 4278 fesso3
724 4221 797 4264 eum
812 4202 971 4282 laedimur,
987 4225 1091 4268 unum
1163 4208 1343 4301 ’013ζῖῑὲ

231 4307 274 4371 Si
288 4305 361 4388 quis
374 4308 551 4372 amieornm
564 4317 616 4372 eat
627 4330 723 4374 anana
734 4313 964 4394 reprehendere
976 4337 1102 4380 versum
1113 4341 1123 4395 ;
1237 4291 1243 4302 ¹
1267 4291 1272 4302 ’
1296 4290 1301 4302 ’
1338 4289 1343 4302 ’

231 4415 323 4480 eum
337 4415 405 4478 loca
413 4416 484 4499 jem
498 4417 633 4482 recitate
646 4418 836 4484 revolvimus
850 4421 1036 4502 irrevocati;

229 4527 323 4591 cam
337 4524 549 4591 lamentamur
562 4548 627 4591 non
643 4549 794 4612 apparere
807 4531 933 4596 labores

547 4700 604 4750 222.
622 4699 822 4753 iamioorumat.
