3450 5667
821 698 855 772 Q„
881 699 1040 759 Hom!
1064 699 1207 757 mccl

611 859 781 946 Imprimat
795 861 847 926 his
861 883 939 928 eura
950 865 1118 928 Mreeenas
1132 862 1222 945 sigua
1233 858 1353 924 tabellis.

610 971 748 1050 Dixeris,
765 973 937 1056 Experiar:
961 974 999 1038 Si
1013 973 1075 1052 sis,
1089 980 1190 1056 potes,
1206 969 1288 1033 addit
1299 976 1328 1031 et
1339 967 1426 1030 instat.

610 1081 774 1166 Septimus
788 1091 901 1146 octavo
914 1084 1044 1168 propior
1053 1083 1125 1166 jam
1139 1081 1253 1164 fugerit
1271 1097 1369 1153 annus,
1488 1068 1513 1126 4⁰

398 1221 430 1260 ιι.
442 1207 462 1248 s.
473 1207 491 1250 ι.
501 1209 520 1250 e.
530 1207 563 1250 aa
609 1191 658 1254 Ex
673 1213 737 1274 quo
751 1191 914 1257 Maeeenas
929 1215 981 1257 me
994 1194 1095 1276 eoepit
1109 1191 1224 1254 habere
1237 1207 1352 1252 suorum

610 1301 652 1365 Iu
666 1323 812 1380 numero,
828 1303 997 1366 dumtaxat
1011 1303 1055 1366 ad
1068 1302 1140 1380 hoc,
1157 1321 1249 1384 quem
1262 1296 1359 1360 tollere
1370 1289 1427 1354 reis
1550 1352 1552 1387 3

610 1411 718 1476 Vellet
732 1412 795 1476 iter
809 1413 929 1478 faciens
943 1422 977 1478 et
991 1415 1047 1478 cui
1061 1411 1248 1478 concredere
1260 1427 1351 1488 nugas
1550 1462 1552 1500 ÷

609 1741 775 1808 Matutine
788 1767 902 1828 parum
917 1753 1028 1809 cautos
1038 1746 1112 1830 jam
1126 1744 1244 1826 frigora
1258 1735 1399 1808 mordent}

609 1853 653 1918 Et
668 1876 739 1938 quoe
753 1855 872 1920 rimosa
884 1855 968 1920 bene
982 1853 1328 1940 deponunturiname.
1550 1924 1552 1941 Ι

609 1965 674 2029 Per
686 1973 791 2030 totum
806 1966 869 2030 hoc
883 1975 1011 2050 tempus
1025 1966 1202 2050 subjectior
1215 1964 1248 2026 in
1261 1960 1337 2025 diem
1348 1961 1376 2018 el
1386 1951 1466 2014 heram
1550 1944 1552 2037 1

609 2075 744 2140 Invidioe
759 2082 878 2140 noster.
922 2075 1032 2140 Ludos
1047 2078 1247 2160 spectaverat
1259 2089 1328 2144 uns,
1550 2040 1552 2165 1

608 2185 943 2271 Luseratineampo:
967 2188 1122 2252 Fortunae
1136 2183 1240 2248 lilius!
1263 2196 1369 2243 omnes
1550 2170 1552 2259 1

608 2294 757 2377 Frigidus
772 2317 791 2358 a
805 2296 917 2359 rostris
931 2303 1043 2360 manat
1056 2292 1269 2380 percompita
1280 2301 1390 2351 rumor:
1495 2261 1520 2322 5⁰
1550 2266 1552 2367 1

610 2405 814 2488 Quicumque
829 2405 941 2470 obvius
955 2414 1014 2485 est,
1031 2428 1084 2472 me
1097 2404 1257 2470 consulit:
1279 2396 1481 2466 Ob011<²‚··¹¹am
1492 2384 1512 2432 ¹³
1550 2374 1552 2479 1

398 2541 446 2582 reo.
456 2541 482 2582 s.
493 2542 511 2584 1.
522 2543 554 2586 ιο.
563 2543 595 2586 u
611 2517 709 2596 Scire,
725 2518 801 2582 deos
815 2519 967 2602 quoniam
981 2519 1112 2604 propius
1128 2513 1293 2597 contingis,
1304 2509 1438 2592 oportet-
1550 2492 1552 2607 1

398 2655 591 2700 ua0.c.s.e.1a
609 2626 700 2690 Num
717 2628 794 2711 quid
808 2629 849 2692 de
864 2629 962 2693 Dacis
977 2631 1120 2694 audisti?
1167 2629 1224 2695 Nil
1239 2620 1379 2708 equidem.
1413 2609 1449 2672 Ul
1458 2611 1483 2662 ³¹¹
1550 2612 1552 2735 1

611 2737 744 2821 Semper
757 2739 819 2803 eris
834 2739 955 2803 derisor
966 2740 973 2803 l
1021 2741 1068 2804 At
1082 2762 1197 2804 omnes
1211 2738 1243 2802 di
1257 2731 1397 2815 exagitent
1407 2736 1453 2790 me,
1499 2813 1521 2832 ..
1550 2752 1552 2795 =

611 2847 646 2912 Si
663 2849 846 2932 quiequam.
893 2849 1008 2916 Quid?
1030 2850 1193 2916 militibus
1206 2845 1350 2935 promissa
1360 2832 1485 2913 'illlum
1497 2833 1522 2874 ⁰³
1550 2900 1552 2911 .

608 2959 733 3023 Praedia
747 2961 854 3024 Caesar
869 2982 911 3024 an
925 2969 975 3024 est
989 2961 1074 3026 Itale
1088 2963 1206 3026 tellure
1220 2949 1361 3023 daturus?

609 3071 630 3134 J
631 3077 779 3135 urentem
794 3091 846 3134 me
861 3071 942 3135 scire
955 3071 1038 3135 nihil
1052 3072 1214 3136 mirantur
1226 3077 1264 3133 ut
1277 3081 1369 3130 unum
1550 3016 1552 3111 1

397 3226 452 3258 w,
463 3215 484 3256 s,
494 3214 514 3256 ι,
523 3217 544 3257 0,
553 3215 587 3261 ³7,
610 3181 738 3246 Scilicet
754 3182 873 3266 egregii
887 3182 1055 3246 mortalem
1071 3182 1195 3264 altique
1209 3175 1321 3244 silenti·

609 3291 757 3356 Perditur
770 3291 840 3356 haec
854 3292 939 3355 inter
952 3293 1069 3357 misero
1082 3291 1139 3354 lux
1152 3314 1221 3356 uon
1235 3278 1400 3354 sineretis:
1550 3356 1552 3381 1

607 3401 637 3466 Ο
652 3422 717 3480 rus,
736 3401 864 3484 quaudo
878 3423 937 3484 ego
951 3409 984 3465 te
1000 3401 1182 3488 adspiciun,
1198 3397 1375 3487 quaudoque
1386 3373 1474 3493 fioebi'
1499 3358 1525 3421 11
1550 3426 1552 3486 1

606 3510 706 3574 Nune
720 3520 866 3576 veterum
880 3511 970 3576 libris
984 3533 1071 3576 nunc
1085 3533 1199 3576 somno
1213 3521 1247 3578 et
1260 3501 1400 3574 inertibu
1410 3491 1473 3554 h⁰f¹⁸
1550 3496 1552 3557 l

606 3621 733 3686 Ducere
749 3623 894 3708 sellicitae
904 3623 1050 3706 jucunda
1061 3622 1178 3687 oblivia
1191 3621 1289 3688 vitae?
1550 3620 1552 3627 ’

605 3731 779 3815 Oquando
793 3732 867 3797 leba
882 3733 1074 3817 Pythagorae
1087 3741 1225 3816 cognata
1238 3727 1385 3808 simulque
1550 3801 1552 3822 Ξ

394 3851 571 3944 01111111·
606 3845 716 3909 Uncta
729 3845 807 3908 satis
823 3844 934 3928 pingui
948 3852 1109 3928 ponentur
1123 3843 1266 3908 oluscula
1278 3832 1382 3905 lardo?
1517 3910 1525 3922 .
1550 3839 1552 3930 1

605 3954 635 4019 Ο
650 3963 760 4019 noctes
775 3975 925 4038 cenaeque
940 3954 1036 4018 deum
1051 3955 1058 4018 l
1084 3955 1200 4038 quibus
1214 3955 1282 4038 ipse
1300 3946 1411 4027 meique
1502 3911 1527 3971 ⁶³
1550 3948 1552 4027 1

393 4111 437 4143 m.
448 4100 489 4152 sp.
499 4099 518 4142 s.
527 4101 561 4144 ω,
603 4069 691 4132 Ante
706 4069 822 4132 Larem
837 4068 1000 4151 proprium
1014 4089 1122 4133 vescor
1136 4089 1309 4152 vernasque
1322 4067 1447 4148 proeaees
1550 4038 1552 4057 Ι

605 4177 703 4242 Pasce
717 4176 825 4242 libetis
840 4177 984 4262 dapibus.
1030 4179 1131 4243 Prout
1146 4179 1261 4262 cuique
1275 4172 1367 4242 libido
1379 4170 1429 4239 fflb
1550 4188 1552 4257 j

605 4289 712 4352 Sieeat
726 4287 898 4371 inaequales
913 4290 1026 4354 caliees
1040 4290 1172 4354 conviva
1185 4291 1309 4354 solutus
1550 4266 1551 4273 ¹

392 4445 423 4493 ⁶⁹.
434 4445 458 4488 0·
469 4447 488 4489 ,¹
498 4447 517 4490 t.
527 4446 559 4487 „⁸
603 4399 744 4484 Legibus
758 4399 888 4478 insanis,
903 4420 961 4463 seu
975 4400 1046 4483 quis
1061 4400 1147 4484 capit
1162 4400 1247 4464 acria
1260 4397 1349 4464 fortis

601 4585 642 4634 aa.
659 4583 747 4632 rhode
814 4583 854 4630 44.
874 4581 1021 4644 aquosum
1039 4585 1132 4634 mm.
1178 4586 1219 4635 ss.
1236 4583 1339 4634 invidiae
1350 4599 1355 4628 :
1366 4555 1529 4625 nometi*

678 4661 752 4708 scuit.
787 4661 899 4718 Luserit,
911 4663 982 4710 Bcct.
1050 4663 1090 4710 el.
1108 4663 1250 4713 holuscula.
1316 4659 1354 4711 67.
1371 4643 1443 4705 llibid
1465 4642 1480 4681 1·
