3450 5667
661 755 696 829 o
723 752 883 813 norror
906 750 1052 809 macor
1078 719 1195 807 cnon

691 918 857 1004 Nepam
871 914 1077 1002 Tyrrhenum
1089 934 1147 999 per
1161 932 1270 996 equor

735 1028 819 1093 Vela
831 1026 954 1092 darem
997 1026 1078 1103 Tua,
1094 1024 1212 1103 cm,
1227 1029 1309 1087 etas

650 1168 773 1250 Fruges
785 1171 820 1229 et
833 1162 920 1249 agria
932 1160 1059 1227 rettulit
1073 1159 1197 1239 uberes,

648 1278 694 1343 Et
707 1276 801 1359 rigua
812 1282 926 1339 noatno
939 1270 1083 1337 restituit
1097 1270 1119 1335 J
1120 1268 1181 1348 ori,

692 1384 837 1469 Derepta
849 1380 1048 1449 Parthorum
1061 1378 1205 1465 ropmbia

735 1493 899 1573 Postibus,
913 1500 947 1559 et
960 1512 1098 1557 vacuum
1112 1488 1227 1556 duellia

649 1632 771 1696 Janum
786 1627 917 1697 Quirini
932 1625 1057 1705 clausit,
1073 1632 1107 1689 et
1121 1624 1267 1689 ordinem
1339 1680 1347 1693 .

648 1739 789 1805 Rectum
803 1736 952 1822 evaganti
966 1736 1057 1801 frena
1072 1734 1226 1801 Licentiae

692 1848 823 1933 Injeoit‚
838 1847 1021 1931 emovitque
1036 1844 1156 1930 culpas,

734 1960 781 2025 Et
794 1964 917 2023 vetere·
931 1956 1090 2022 revocavit
1104 1962 1187 2019 artes
1199 1979 1207 2019 ε

649 2102 714 2166 Per
727 2120 807 2185 quaa
821 2099 978 2165 Latinum
991 2118 1112 2179 nomen
1125 2105 1159 2162 et
1173 2098 1267 2164 Italae

649 2212 785 2275 Crevere
798 2209 892 2289 vireo,
907 2210 1056 2293 famaque
1070 2216 1104 2275 et
1117 2208 1231 2295 imperi

692 2324 847 2388 Porrecto
860 2322 1011 2405 majesta·
1025 2319 1067 2384 od
1081 2328 1172 2385 ortua

737 2431 822 2497 Solio
836 2430 878 2496 ab
894 2430 1052 2517 Hesperio
1065 2430 1175 2497 cubili.

649 2565 792 2633 Custode
805 2586 914 2630 rerum
929 2566 1064 2644 cenare,
1079 2586 1146 2631 non
1160 2564 1249 2631 furor

649 2676 760 2743 Civilia
774 2686 832 2742 aut
844 2677 894 2741 via
908 2676 1015 2760 exiget
1029 2676 1144 2757 otium,

690 2786 771 2852 Non
784 2787 841 2866 ira,
857 2808 929 2871 qnae
943 2788 1091 2872 procudit
1105 2804 1209 2867 enses,

734 2900 780 2965 Et
794 2898 927 2963 miserm
940 2898 1087 2963 inimicat
1105 2898 1210 2963 urbes.
1506 2912 1552 2974 20
1605 2884 1606 2907 *

648 3036 739 3116 Non,
753 3036 810 3120 qui
823 3034 1019 3121 profrmdum
1034 3034 1221 3099 Danubium
1235 3032 1373 3117 bibunt,

650 3146 767 3215 Edicta
777 3152 929 3230 rumpent
944 3148 965 3209 J
967 3146 1042 3223 ulia,
1058 3166 1125 3210 non
1140 3146 1242 3225 Getae,

692 3260 771 3324 Non
786 3260 891 3335 Seres,
905 3255 1034 3319 infidive
1048 3256 1166 3335 Perse,

735 3368 815 3433 Non
829 3366 954 3431 Tanain
968 3386 1065 3450 prope
1079 3364 1200 3429 flumen
1213 3365 1286 3431 orti.

649 3499 1298 3589 Nosqueetprofeetialucibueetsacris,
1511 3522 1558 3583 25

650 3620 744 3683 Inter
753 3615 856 3700 joooei
870 3634 1005 3678 munere
1019 3612 1139 3692 Liberi,

692 3728 778 3793 Cum
792 3726 881 3811 prole
895 3724 1113 3809 matronisque
1127 3724 1255 3803 nostris,

737 3838 815 3903 Rite
828 3836 905 3901 deos
918 3834 1007 3920 prius
1022 3835 1194 3920 apprecati,

649 3976 780 4042 Virtute
793 3973 931 4050 iunctos,
946 3990 1035 4035 more
1049 3976 1189 4054 patrum,
1205 3968 1310 4049 docos,

650 4087 750 4174 Lydio
764 4084 900 4149 remixto
915 4082 1056 4147 carmine
1070 4080 1168 4159 tibiis,
1503 4098 1554 4159 30

691 4198 884 4281 (trojamque
899 4199 932 4258 et
947 4190 1112 4257 Anchisen
1126 4198 1159 4255 et
1174 4190 1267 4255 almae

736 4305 927 4390 Progeniem
941 4302 1080 4368 Veneria
1094 4322 1256 4367 canemus.

519 4472 665 4523 15.ortum.
729 4466 771 4517 1⁸„
782 4466 887 4517 eximat.
953 4460 1209 4593 2111.g³a1)1uvium‚fl.
1224 4459 1387 4527 (coenae
1400 4463 1472 4519 ste,
1485 4472 1552 4527 An,
