3450 5667
501 745 736 804 SATIRARUM
764 745 844 804 ΜΒ.
871 746 917 806 ΙΙ.
939 765 966 804 ι.
1189 831 1194 837 ⁴
1292 747 1347 804 183

186 915 258 978 Ten
275 911 409 997 lapides
424 909 700 976 varioslutuleuta
713 909 823 974 radere
836 910 945 994 palma
1149 933 1326 984 menam

187 1026 232 1088 Εἰ
248 1024 376 1108 Tyrdffl
390 1022 466 1086 dhre
481 1021 602 1086 circum
618 1019 721 1084 inluta
733 1020 848 1084 toralia
861 1028 976 1098 vestes,
1148 1061 1193 1092 η,
1202 1049 1225 1092 a,
1233 1051 1284 1102 ²!-
1294 1051 1338 1092 ιω,

148 1141 165 1197 5
190 1136 365 1211 Oblitum,
381 1140 503 1217 quanto
517 1151 628 1196 euram
642 1139 869 1215 sumptumque
882 1131 1040 1196 minorem

193 1246 278 1307 Haec
294 1244 455 1320 habeant,
471 1249 565 1306 tanto
578 1241 767 1324 reprehendi
776 1241 897 1324 justius
910 1240 985 1318 illis,

194 1359 282 1421 Quae
297 1355 368 1418 nisi
384 1353 537 1418 divitibus
550 1359 711 1436 nequeant
725 1351 910 1436 contingere
923 1350 1067 1415 mensis?

194 1466 304 1530 Docte
321 1464 411 1542 cati,
427 1484 485 1548 per
498 1463 671 1526 amicitiam
686 1461 837 1544 divosque
851 1470 983 1545 rogatus

196 1577 331 1638 Ducere
347 1595 403 1637 me
417 1572 575 1650 auditum,
590 1593 701 1656 perges
716 1593 927 1655 quocumque,
942 1577 1116 1635 memento.

146 1689 177 1748 tu
198 1685 291 1748 Nam
307 1683 456 1768 quamvis
470 1681 588 1746 reseras
602 1681 736 1744 memori
750 1679 830 1744 mihi
843 1687 972 1764 pectore
984 1687 1113 1758 eunom,

198 1797 279 1858 Non
294 1803 411 1858 tamen
425 1793 581 1876 interpres
594 1790 785 1856 tantundem
796 1791 929 1873 juveris.
970 1790 1066 1856 Adde

200 1906 348 1968 Vultum
361 1903 573 1986 hahitumque
587 1901 738 1980 hominis,
749 1921 846 1984 quem
855 1910 895 1965 ιιι
904 1900 1019 1964 vidisse
1025 1900 1140 1964 beatus

200 2014 283 2077 Non
297 2013 412 2097 magui
426 2012 549 2098 pendis,
566 2011 641 2095 quia
655 2011 808 2094 eontigit3
831 2018 866 2074 at
881 2010 962 2074 mihi
975 2031 1053 2074 eura

203 2125 283 2190 Non
298 2124 469 2189 mediocris
482 2124 579 2201 inest,
594 2121 700 2186 fontes
715 2130 753 2184 ut
766 2120 855 2186 adire
870 2127 1012 2184 remotos

145 2240 181 2299 ‘n
204 2239 317 2320 Atque
331 2235 461 2299 haurire
476 2254 592 2317 queam
605 2233 680 2297 vitae
694 2239 853 2318 praecepta
867 2230 981 2296 boam

620 2617 665 2681 V.

210 2743 285 2805 Hoc
303 2761 442 2825 quoque,
457 2739 590 2818 Tiresia,
605 2745 720 2823 praeter
733 2744 861 2803 narrata
874 2738 999 2824 petenti

210 2852 394 2936 Responde,
409 2851 525 2935 quibus
540 2851 671 2914 amissam
686 2871 831 2934 reparare
846 2872 962 2934 queam
975 2871 1028 2914 res

211 2961 349 3024 Artibus
362 2968 457 3042 atque
471 2957 585 3022 modis.
631 2957 719 3024 Quid
733 2957 842 3022 rides?
866 2960 984 3023 dumne
998 2958 1108 3023 doloso

212 3069 291 3134 Non
305 3071 383 3134 sads
397 3079 446 3135 est
460 3069 608 3133 Ithacam
621 3068 729 3132 revehi
744 3067 927 3153 patriosque
941 3077 1072 3153 penates

175 3183 191 3240 5
213 3181 409 3265 Adspicere?
453 3183 484 3246 Ο
498 3180 581 3244 nulli
595 3181 768 3264 quicquam
783 3180 930 3257 mentite,
944 3181 1033 3244 vides
1048 3188 1087 3244 ut

215 3291 334 3355 Nudus
349 3291 500 3376 inopsque
515 3291 648 3354 domum
662 3289 801 3369 redeam,
816 3297 850 3354 te
865 3297 948 3368 vate,
963 3311 1068 3374 neque
1078 3291 1145 3354 illie

214 3403 282 3466 Aut
297 3402 451 3486 apotheca
464 3402 567 3487 procis
580 3401 702 3465 intacta
717 3409 766 3466 est
781 3409 838 3466 aut
851 3421 968 3486 pecus:
992 3403 1083 3486 atqui

216 3511 257 3576 Et
272 3533 375 3596 genus
389 3519 421 3576 et
434 3513 536 3576 virtus
549 3511 612 3574 nisi
627 3532 701 3575 cum
716 3533 751 3576 re
764 3511 857 3575 vilior
872 3511 944 3595 alga
957 3518 1016 3577 est.
1158 3527 1177 3566 ε.
1188 3525 1208 3564 ⁸·
1219 3526 1237 3564 ²-
1249 3525 1268 3565 ³·
1277 3525 1310 3564 ⁰⁵·

217 3623 357 3690 Quando
370 3623 550 3707 pauperiem
564 3621 670 3686 missis
685 3620 873 3706 ambagibus
885 3622 1005 3701 horres,
1158 3575 1351 3677 0193'03'83'133'10·

1209 3706 1214 3717 .
1245 3706 1250 3716 .
1274 3705 1280 3716 .
1303 3675 1350 3714 ,82

164 3733 198 3794 10
218 3734 334 3818 Accipe
350 3755 412 3816 qun
425 3733 548 3797 ratione
564 3753 661 3816 queas
676 3732 840 3796 ditescere.
884 3733 1010 3798 'l'urdus
1159 3677 1208 3718 m
1225 3675 1244 3716 E
1261 3676 1273 3715 l
1289 3675 1302 3714 ⁷

220 3845 290 3909 Sive
305 3844 393 3908 alind
406 3843 533 3929 privum
547 3842 678 3907 dabitur
692 3843 764 3922 tibi,
780 3844 905 3908 devolet
918 3845 1006 3924 illuc,

219 3955 281 4020 Res
294 3955 354 4020 ubi
368 3975 484 4038 magna
496 3955 581 4018 nitet
595 3953 727 4019 domino
741 3975 818 4018 seue
828 3981 839 4034 3
863 3953 970 4019 dalens
982 3977 1079 4040 poma

220 4066 261 4128 Et
277 4085 494 4152 quoscumque
508 4065 590 4130 feret
604 4065 710 4128 cultus
725 4065 786 4130 tibi
800 4065 919 4129 fundus
931 4065 1082 4146 honores,

219 4179 303 4242 Ante
318 4177 436 4241 Larem
452 4181 560 4258 gustet
574 4173 784 4240 venerabilior
798 4177 882 4240 Lare
897 4175 1005 4255 dives3

169 4285 200 4346 15
221 4287 285 4352 Qui
300 4285 443 4370 quamvis
458 4284 604 4368 perjurus
618 4285 689 4363 erit,
705 4285 774 4349 sine
789 4293 896 4368 geute,
912 4293 1065 4350 eruentus

222 4398 382 4480 Sanguine
396 4397 551 4474 fraterno,
565 4395 730 4479 fugitiuus,
745 4417 787 4460 ne
801 4404 911 4460 tamen
925 4396 973 4460 illi
1025 4429 1029 4438 ·

220 4509 266 4572 Τιι
283 4527 389 4572 comes
405 4505 554 4584 exterior,
571 4505 598 4570 si
611 4507 761 4591 postulet,
777 4507 824 4571 ire
838 4527 975 4572 rennes.

225 4619 315 4684 Utne
329 4627 435 4702 tegam
450 4638 566 4702 spurco
581 4617 693 4683 Damae
707 4618 814 4682 latus?
861 4617 960 4681 Haud
973 4618 1022 4681 ita
1034 4617 1138 4702 'l'rojae
1165 4636 1201 4677 κ,
1210 4624 1250 4676 Er·
1260 4622 1291 4665 1⁹·
1301 4623 1335 4664 ω·

222 4763 257 4810 st.
277 4759 360 4810 illota.
423 4758 447 4812 7.
466 4759 625 4810 iintsctust.
725 4762 749 4811 8.
768 4759 883 4823 ΐιιΙςιει.
957 4759 998 4809 18.
1015 4759 1088 4808 hant.
