3450 5667
564 757 849 818 EPISTOLARUM
872 760 951 817 ala.
980 761 1006 818 I.
1036 779 1063 816 r.

248 921 393 986 Gratia
406 921 604 1005 nequiquam
619 924 683 987 coit
698 931 731 987 et
746 923 964 988 rescinditur?
1010 925 1057 988 At
1071 943 1126 986 vos

251 1035 345 1095 Seu
359 1031 483 1095 calidus
498 1033 629 1116 sangnis
643 1055 700 1096 seu
713 1055 822 1096 rerum
836 1034 965 1097 inscitia
977 1041 1071 1097 vexat

246 1143 442 1206 Indomita
457 1143 578 1207 ceruice
592 1144 689 1222 ieros,
707 1144 903 1228 ubicumque
917 1146 1061 1208 locorum
1223 1156 1271 1208 ser·
1281 1156 1307 1197 1³-
1318 1157 1337 1198 1·
1347 1158 1378 1198 ¹³·
1388 1160 1408 1199 ⁸·

145 1261 210 1319 35
247 1253 407 1330 vivitis,
422 1253 550 1337 indigni
565 1254 740 1318 fraternum
757 1277 905 1340 rumpere
918 1253 1034 1332 fadus,
1223 1271 1274 1322 sm.
1284 1271 1310 1312 a.
1320 1271 1339 1312 1.
1350 1273 1381 1314 ιο.
1391 1275 1413 1314 ⁴.

250 1363 632 1430 Pasciturinvestrum
646 1365 786 1429 reditum
802 1366 908 1430 votiva
918 1365 1066 1448 juvenca.
1230 1373 1429 1424 ntae-tuu-

685 1752 746 1815 IV.

252 1889 376 1963 Anat,
393 1897 578 1948 nostrornm
593 1906 779 1950 sermonum
793 1886 929 1949 candide
940 1885 1051 1968 judex,
1230 1887 1280 1978 3⁴ss
1289 1888 1314 1978 ἓ·
1325 1888 1344 1980 ¹3
1352 1887 1422 1979 1⁸33&
1466 1973 1475 1982 ,

252 1995 365 2063 erid
381 2015 472 2057 nune
487 2003 519 2057 te
534 1994 638 2058 dicam
653 1996 756 2059 faeere
771 1997 805 2058 in
819 1997 951 2078 regione
966 1997 1119 2060 Pedana?

252 2109 426 2174 Scribere
441 2108 526 2191 quod
541 2109 631 2172 Cassi
647 2109 831 2172 Parmensis
845 2109 999 2192 opuscula
1012 2110 1133 2187 vincat,

253 2227 326 2282 An
343 2217 486 2282 tacitum
500 2217 593 2280 silvas
608 2218 693 2281 inter
706 2227 832 2302 reptare
846 2217 1000 2295 salubres,

194 2339 218 2395 5
250 2331 456 2395 Curantem
472 2327 627 2411 quidquid
642 2328 778 2412 dignum
794 2329 938 2412 sapiente
953 2328 1103 2411 bonoque
1118 2330 1193 2392 est?

248 2441 349 2506 Non
365 2447 407 2501 tu
424 2458 536 2520 corprn
551 2459 620 2500 eras
635 2439 703 2502 sine
718 2446 856 2522 pectore.
903 2439 947 2502 Di
962 2439 1022 2502 tibi
1036 2440 1185 2518 formam,

249 2556 308 2620 Di
325 2553 396 2617 tibi
412 2551 537 2615 dividas
552 2552 709 2617 dederunt
724 2562 891 2635 artemque
904 2553 1042 2617 fruendi.

253 2669 367 2738 Quid
382 2679 498 2732 voveat
513 2669 599 2733 dulci
614 2669 777 2732 nutricula
791 2670 897 2752 majus
911 2670 1055 2746 alumno,

251 2785 340 2852 Qui
358 2804 473 2866 sapere
488 2791 520 2846 et
534 2783 595 2846 fari
609 2783 709 2867 possit
724 2805 796 2867 quae
811 2784 942 2862 sentiat,
958 2792 991 2848 et
1006 2784 1060 2847 cni

175 2905 225 2966 10
253 2897 405 2973 Gratia,
422 2895 516 2974 fama,
532 2896 682 2959 valetudo
700 2896 869 2978 contingat
883 2895 1012 2959 abunde

249 3013 306 3074 Et
325 3005 479 3070 mundus
493 3007 606 3084 victum
621 3027 686 3070 uon
702 3006 871 3070 deficiente
886 3009 1064 3070 crumena?
1229 3038 1287 3071 m.
1298 3030 1322 3072 c.
1332 3031 1428 3073 azan

252 3125 368 3187 Inter
383 3139 476 3202 spem
492 3138 674 3200 curamque,
691 3119 824 3181 timores
839 3117 925 3180 iuter
939 3126 973 3181 et
987 3118 1062 3196 iras,

250 3234 419 3297 Omnem
435 3227 527 3290 crede
542 3227 627 3290 diem
642 3227 702 3290 tibi
717 3227 871 3290 diluxisse
886 3249 1071 3311 supremum
1086 3255 1092 3292 :
1230 3256 1261 3296 a·
1271 3243 1324 3334 ⁰‘i
1334 3244 1402 3334 39¹3

252 3345 377 3408 Grata
391 3337 607 3420 superveniet,
623 3359 695 3420 quae
710 3359 775 3400 nou
791 3338 984 3420 sperabitur,
999 3339 1088 3404 hora.
1403 3324 1409 3337 ’

181 3459 224 3518 15
251 3455 322 3518 Me
341 3449 503 3534 pinguem
518 3456 552 3511 et
566 3448 706 3511 nitidum
720 3447 802 3512 bene
818 3457 931 3514 curata
945 3458 1019 3512 cute
1034 3451 1126 3529 vises,
1228 3485 1273 3516 eur.
1284 3473 1309 3516 u.
1320 3475 1338 3514 1.
1348 3475 1367 3516 a.
1377 3475 1409 3516 a.

250 3565 355 3628 Cum
371 3557 481 3623 ridere
494 3559 590 3637 voles,
606 3559 737 3644 Epicuri
753 3559 794 3626 de
809 3580 905 3644 grege
920 3581 1064 3648 porcum.

690 3874 739 3975 V..

248 4040 291 4102 Sr
311 4042 421 4120 potes
435 4032 603 4114 Archiacis
618 4036 751 4098 conviva
765 4035 951 4100 recumbere
965 4037 1057 4100 lectis

247 4149 333 4212 Nec
353 4141 490 4208 modica
504 4164 617 4208 cenare
632 4145 727 4208 times
743 4146 813 4208 olus
829 4165 924 4209 omne
939 4148 1066 4232 patella,

250 4262 437 4342 Supremo
452 4264 484 4316 te
499 4253 564 4317 sole
579 4254 676 4331 domi,
694 4256 867 4337 Torquate,
882 4257 1029 4320 manebo.

246 4371 352 4432 Vina
370 4363 468 4427 bibes
482 4364 600 4428 iterum
615 4365 722 4428 Tauro
736 4365 853 4429 diffusa
867 4368 1025 4450 palustres

202 4486 222 4542 5
247 4482 360 4544 Inter
377 4474 569 4538 Minturnas
587 4477 882 4559 Sinuessanumque
901 4477 1079 4540 Petrinum.

247 4594 285 4655 Si
303 4585 443 4654 melius
458 4585 535 4667 quid
550 4584 659 4664 habes,
676 4607 798 4652 arcesse
812 4588 862 4651 rel
881 4588 1051 4671 imperium
1066 4588 1124 4651 ier.
1225 4616 1272 4647 m.
1282 4605 1306 4646 c.
1316 4607 1335 4647 a
1345 4605 1376 4647 a.
1386 4605 1419 4650 u.

197 4729 236 4777 32
254 4744 297 4778 w,
423 4721 449 4768 5.
466 4719 653 4784 ibonoquest:
675 4727 717 4771 cst
729 4739 775 4770 om.
788 4724 823 4772 al.
891 4724 915 4771 9.
933 4728 1076 4785 quam...ut
1087 4725 1178 4786 possit.

566 4791 592 4835 2.
610 4787 693 4838 holus.
761 4789 784 4837 6.
798 4790 846 4838 sin.
1190 4859 1212 4919 Q
