3450 5667
530 751 765 814 SATIRARUM
801 753 880 811 ΗΒ.
910 752 938 812 I.
968 753 1003 811 ir.

221 917 358 982 Audiret
372 917 509 997 leviore,
524 919 653 1000 patersi
666 917 811 982 viveret?
856 917 944 1002 Ergo

221 1025 296 1091 Non
310 1027 391 1090 satis
407 1035 460 1092 est
473 1027 562 1111 paris
577 1048 701 1092 versum
719 1027 913 1112 perscribere
927 1027 1042 1106 verbis,

168 1139 203 1198 55
225 1137 328 1203 Quem
343 1137 372 1201 si
387 1137 556 1215 dissolvas,
573 1137 675 1220 quivis
689 1137 909 1202 stomscbetur
921 1137 1034 1202 eodem
1175 1146 1218 1187 a..
1228 1145 1254 1186 ⁰·
1264 1144 1284 1185 ¹·
1294 1142 1374 1236 13η

226 1247 298 1313 Quo
310 1257 507 1332 personatus
521 1255 614 1332 pecto
629 1257 731 1332 pater.
775 1249 849 1326 His,
865 1269 925 1332 ego
939 1269 1011 1332 qm
1025 1269 1124 1327 nunc,
1224 1245 1251 1288 s
1261 1245 1281 1288 a
1290 1245 1322 1289 ιι.
1331 1225 1363 1287 1'a

227 1358 310 1422 Olim
324 1379 399 1442 quae
415 1358 544 1443 scripsit
559 1358 713 1436 Lucilius,
728 1358 843 1442 eripias
857 1359 886 1422 si
1097 1359 1162 1442 [est

227 1467 379 1554 Tempore
388 1477 481 1533 certa
491 1468 666 1552 modosque
674 1475 708 1532 et
720 1469 805 1551 qnod
814 1469 902 1552 prius
909 1467 1021 1533 ordine
1028 1467 1162 1532 verbum

229 1577 390 1643 Posterius
404 1579 506 1642 facies
521 1599 708 1662 praeponens
723 1579 838 1643 ultime
851 1579 974 1662 primis,

176 1687 212 1750 60
230 1687 312 1767 Non,
326 1697 366 1753 ut
379 1689 409 1753 si
423 1689 529 1754 solvas
544 1690 752 1773 “Postquam
764 1687 934 1752 Discordia
946 1696 1032 1752 tetra

230 1798 307 1862 Belli
320 1800 458 1864 serratos
472 1807 581 1884 postes
595 1807 764 1884 portasque
778 1798 944 1882 refregit,’'

233 1910 376 1974 Invenias
390 1909 491 1975 etiam
506 1909 633 1994 disjecti
648 1909 792 1974 membra
806 1913 918 1994 poiitae.

233 2022 393 2089 Hactenus
409 2025 499 2090 boec:
524 2024 602 2087 alias
612 2025 738 2108 justum
753 2023 797 2088 sit
811 2043 912 2088 necne
925 2028 1049 2108 poims

232 2132 324 2198 Nunc
338 2134 421 2198 illud
434 2141 565 2199 tantum
581 2155 732 2218 quaeram,
747 2133 905 2198 meritone
920 2133 981 2198 tibi
995 2135 1038 2198 sit

183 2243 218 2304 65
239 2243 426 2328 Suspectum
440 2265 542 2328 genus
556 2243 618 2308 hoc
633 2243 801 2308 scribendi.
848 2243 976 2308 Sulcius
989 2265 1061 2308 scer

234 2357 383 2423 Ambulst
397 2369 433 2423 et
447 2358 593 2442 Caprius,
609 2358 696 2422 rauci
711 2358 794 2421 male
809 2377 947 2440 cumque
961 2357 1087 2437 libellis,

237 2473 370 2557 Magnus
385 2482 521 2557 uterque
535 2473 633 2538 timor
646 2473 844 2552 latronibus3
867 2482 902 2537 at
916 2473 997 2538 bene
1011 2473 1039 2536 si
1053 2473 1125 2556 quis

236 2587 277 2650 Et
288 2589 372 2652 vivat
385 2589 475 2673 pun's
490 2587 647 2666 manibus,
663 2595 849 2652 contemnat
863 2595 1046 2672 utrumque.

239 2699 283 2763 Ut
294 2701 337 2764 sis
350 2709 389 2765 tu
403 2701 517 2765 similis
532 2699 615 2764 coeli
629 2699 777 2783 Birrique
790 2699 965 2779 latronum,

188 2809 223 2870 '70
240 2809 312 2874 Non
324 2832 383 2895 ego
397 2811 457 2875 sim
474 2809 570 2894 Capri
584 2831 688 2894 neque
704 2811 812 2876 Sulci:
832 2825 894 2876 cur
906 2819 1032 2876 metuas
1044 2812 1125 2875 me?

240 2917 334 2984 Nulla
346 2922 478 2986 taberne
491 2941 580 2986 meos
595 2920 711 2985 habeat
725 2943 828 3006 neque
842 2924 907 3007 pila
919 2921 1053 3001 libellos,

243 3029 317 3095 cuis
330 3053 442 3096 manns
456 3029 587 3096 insudet
601 3031 686 3114 volgi
702 3031 979 3116 Hermogenisque
990 3031 1106 3116 'rigeffi
1114 3058 1125 3112 3
1173 3062 1215 3105 „a
1225 3061 1252 3104 n
1261 3061 1281 3105 1.
1289 3061 1321 3104 a.
1332 3062 1363 3104 n.

242 3137 306 3204 Noc
318 3143 416 3208 recito
430 3143 582 3232 cuiquam
597 3141 659 3205 nisi
674 3141 795 3222 amicis,
810 3143 907 3226 idque
921 3151 1060 3220 coactum,

241 3248 312 3314 Non
324 3253 424 3317 ubivis
438 3273 585 3318 coramve
601 3251 804 3335 quibuslibet.
850 3254 894 3317 ln
907 3253 1013 3318 medio
1027 3255 1083 3337 qui

193 3361 225 3420 75
245 3359 360 3446 Scripts
373 3363 441 3430 foro
455 3363 593 3428 recitent
607 3370 684 3426 sant
698 3361 795 3426 multi
810 3362 929 3446 quique
941 3363 1103 3443 lavantes,

245 3470 337 3536 Suave
350 3473 437 3539 locus
451 3472 521 3538 voci
535 3480 664 3537 resonat
677 3472 856 3537 conclusus.
901 3473 1020 3538 Inanes

245 3577 310 3645 Hoc
320 3581 419 3666 juvat,
434 3582 522 3647 haud
536 3582 616 3646 illud
632 3589 820 3665 querentes,
835 3603 916 3647 num
929 3584 998 3649 sine
1011 3605 1117 3664 sensu,

244 3689 385 3776 Tempore
399 3715 478 3758 nnm
492 3693 612 3757 faciant
627 3693 740 3758 alieno.
786 3693 918 3758 laedere
935 3695 1064 3777 gaudes

245 3799 354 3883 Inquit,
369 3812 402 3868 et
414 3804 476 3870 hoc
491 3802 598 3868 studio
612 3825 726 3888 pravus
740 3802 827 3868 facis.
872 3802 969 3870 Unde
981 3805 1119 3890 petitum

195 3907 229 3968 80
246 3909 310 3976 Hoc
322 3913 355 3977 in
369 3935 420 3980 me
430 3915 542 3999 jacis?
564 3921 612 3978 est
628 3922 739 3978 auctor
754 3914 824 3998 quis
840 3915 978 3998 deniqne
991 3936 1114 3994 eornm,

246 4021 310 4087 Viri
324 4046 395 4091 cum
411 4027 550 4110 quibus?
573 4027 749 4091 Absentem
766 4027 820 4111 qui
835 4026 920 4091 rodit
935 4027 1085 4106 amicum,

246 4133 303 4198 Qui
316 4157 380 4202 non
394 4137 538 4202 defendit
553 4137 616 4202 alio
630 4138 789 4222 culpante,
805 4137 926 4202 solutos

247 4243 303 4310 Qui
316 4255 420 4332 captat
433 4249 517 4311 risus
530 4247 699 4311 hominum
714 4247 898 4331 famamque
911 4247 1038 4326 dicacis,

247 4350 369 4437 lingere
384 4357 438 4440 qui
453 4377 519 4421 non
533 4356 601 4420 viss
614 4363 730 4440 potest,
746 4357 915 4421 commisse
928 4363 1034 4420 tacere
1177 4388 1230 4423 m.
1240 4377 1267 4420 r.
1277 4377 1296 4420 1.
1305 4377 1369 4418 mco

200 4456 229 4518 ⁸5
248 4459 303 4527 uui
315 4467 445 4550 nequit;
468 4466 522 4531 hic
536 4466 628 4551 niger
642 4473 701 4545 est,
716 4466 804 4530 hunc
813 4473 860 4544 tu,
874 4467 1030 4544 Romane,
1043 4473 1163 4532 caveto.

248 4571 326 4658 Saepe
338 4577 440 4641 tribus
454 4576 547 4642 lectis
561 4577 666 4641 videas
681 4597 794 4642 cenare
811 4584 993 4661 quaternos,
1178 4605 1218 4652 ιω.
1228 4607 1250 4651 s.
1259 4609 1279 4652 a.
1289 4611 1309 4651 e
1318 4609 1351 4652 u.

202 4741 390 4802 btirerbamst.
457 4753 498 4806 tc.
515 4755 594 4817 vulgi.
645 4751 685 4804 te.
703 4753 811 4802 recitem
822 4753 968 4815 quicquum.
1011 4751 1052 4804 79.
1070 4755 1163 4818 inquis.
