3450 5667
738 762 772 835 ρ.
795 762 956 820 nourr!
972 760 1117 819 rrrccr

663 932 724 997 Dis
738 941 772 997 te
786 932 946 997 minorem
961 930 1046 1015 qnod
1062 932 1157 1015 geris,
1172 930 1334 1015 imperes:
1524 938 1541 995 5

663 1046 753 1110 Hinc
766 1065 863 1109 omne
877 1044 1081 1129 principium,
1096 1042 1160 1107 hnc
1174 1043 1258 1107 refer
1272 1043 1420 1109 exitum.

706 1156 751 1222 Di
765 1156 869 1221 multa
883 1156 1022 1241 neglecti
1037 1155 1195 1221 dederunt

750 1268 916 1353 Hesperiae
931 1268 1016 1333 mala
1028 1269 1194 1333 luctuosae.

664 1405 686 1469 J
687 1426 738 1468 em
754 1403 805 1469 bis
818 1405 981 1469 Monaeses
995 1413 1028 1469 et
1045 1404 1158 1470 Pacori
1171 1426 1287 1469 mnuus

664 1517 743 1579 Non
758 1514 938 1601 auspicatos
951 1514 1098 1579 contudit
1113 1516 1252 1599 impetus
1506 1522 1545 1581 10

708 1627 860 1704 Nostros,
875 1634 909 1693 et
923 1625 1075 1710 adjecisse
1090 1626 1230 1711 praedam

750 1736 933 1822 Torqnibus
947 1737 1069 1821 exiguis
1083 1738 1217 1803 renidet.

664 1875 762 1939 Paene
776 1880 965 1957 occupatam
980 1874 1190 1938 seditionibus

666 1985 794 2050 Delevit
809 1984 934 2051 Urbem
950 1986 1059 2050 Dacus
1074 1994 1107 2050 et
1122 1986 1294 2070 AEthiops3

711 2096 777 2160 Hic
790 2095 890 2161 classe
904 2096 1108 2177 formidatus,
1123 2098 1178 2162 ille

752 2208 934 2273 Missilibus
948 2208 1062 2273 melior
1077 2210 1215 2293 sagittis.

666 2342 819 2409 Fecunda
832 2344 936 2429 cnlpm
950 2346 1067 2411 saecula
1080 2346 1210 2430 nuptias

667 2455 814 2519 Primum
827 2456 1044 2539 inquinavere,
1061 2465 1095 2521 et
1110 2478 1221 2539 genus,
1238 2464 1272 2521 et
1286 2456 1404 2523 domos
1420 2486 1427 2525 :

710 2566 785 2631 Hoc
799 2566 889 2630 fonte
904 2566 1047 2631 derivata
1061 2567 1167 2631 clades

752 2677 946 2761 Inpetrism
960 2677 1178 2762 populumque
1192 2678 1295 2743 fluxit.
1507 2686 1550 2746 20

665 2812 780 2877 Motus
795 2812 903 2877 doceri
917 2812 1036 2897 gaudet
1051 2813 1181 2877 Ionicos

667 2924 802 2987 illatura
814 2923 915 3007 virgo,
931 2931 965 2988 et
979 2924 1114 3007 lingitur
1127 2924 1250 2989 artibus
1264 2950 1271 2987 :

711 3038 787 3100 Iam
801 3058 890 3101 nunc
904 3046 937 3103 et
951 3038 1090 3103 incestos
1110 3060 1233 3104 amores

754 3148 804 3213 De
817 3158 931 3213 tenero
944 3149 1121 3215 meditatur
1134 3151 1246 3234 ungui.

669 3284 748 3349 Mox
760 3284 905 3369 juniores
920 3286 1036 3369 querit
1051 3285 1213 3351 adulteros

669 3397 763 3460 Inter
777 3397 886 3461 mariti
901 3398 995 3476 vina5
1018 3418 1123 3482 neque
1137 3398 1238 3480 eligit,

712 3514 774 3578 Cui
788 3513 887 3580 donet
900 3514 1100 3599 impermissa
1113 3518 1230 3600 raptim

756 3625 894 3703 Gaudia,
911 3625 1086 3691 luminibus
1101 3628 1252 3706 remotim

671 3771 736 3837 Sed
746 3773 837 3857 jussa
850 3794 957 3838 coram
973 3796 1037 3839 non
1051 3776 1122 3839 sinc
1138 3776 1264 3839 conscio

668 3884 781 3966 Surgit
795 3886 923 3962 marito,
939 3907 995 3949 seu
1010 3894 1103 3949 vocat
1117 3886 1255 3963 institor,

713 3995 779 4059 Seu
794 3997 883 4061 nevis
899 3996 1054 4081 Hispanae
1069 3998 1231 4079 magister,

757 4106 959 4172 Dedecorum
975 4110 1132 4193 pretiosus
1147 4121 1283 4196 emptor.

667 4257 746 4322 Non
759 4255 810 4320 bis
819 4258 973 4340 juventus
987 4265 1058 4323 orte
1072 4260 1257 4343 parentibus

669 4370 790 4435 Infecit
804 4392 913 4454 aequor
928 4371 1083 4455 sanguine
1099 4372 1233 4449 Punico,

713 4480 940 4566 Pyrrhumque
955 4488 988 4545 et
1002 4482 1167 4565 ingentem
1185 4481 1300 4547 cecidit

754 4593 966 4672 Antiochum,
984 4593 1265 4678 Hannibalemque
1281 4594 1407 4659 dirum:

737 4768 776 4813 22.
796 4764 926 4824 frangitur
938 4768 1053 4814 artubus.
1122 4765 1162 4817 27.
1181 4768 1337 4815 intermissu.
