3450 5667
251 759 309 812 226
670 751 703 826 Q.
731 752 890 811 nonnul
912 751 1058 810 mccl

467 916 571 999 Surge
585 922 619 980 et
633 914 819 980 inbumenae
832 914 959 979 senium
973 913 1097 998 depone
1111 913 1271 992 comente

253 1041 285 1090 4⁸·
296 1036 318 1080 Β·
327 1039 347 1080 ¹·
357 1039 377 1080 ²·
386 1038 418 1080 ²⁰·
467 1027 570 1090 Censs
584 1033 622 1089 ut
636 1025 756 1108 puriter
769 1025 938 1109 pulmento
949 1023 1113 1088 laboribus
1126 1030 1256 1106 empts3

467 1135 622 1200 Romanis
636 1135 789 1200 sollemne
803 1135 880 1199 viris
893 1156 985 1220 opus,
998 1135 1080 1198 utile
1094 1134 1190 1198 inmte

466 1246 614 1328 Vitreque
629 1253 662 1310 et
676 1243 838 1322 membris,
854 1243 1031 1329 presertim
1045 1264 1121 1308 oum
1134 1243 1239 1306 velens
1252 1250 1286 1306 et

466 1355 529 1418 Vel
544 1375 640 1418 eursu
653 1375 802 1438 superare
816 1375 930 1418 eonem
943 1353 994 1418 vel
1007 1352 1129 1417 viribus
1143 1373 1258 1435 aprum

467 1462 584 1528 Possis.
627 1461 732 1540 Adde,
746 1461 850 1525 virilis
864 1459 950 1543 quod
963 1459 1135 1544 speciosius
1149 1480 1240 1524 srmn

466 1573 544 1637 Non
558 1580 607 1636 est
621 1572 677 1655 qui
691 1579 829 1636 trsotet:
853 1571 927 1649 seis,
942 1591 1007 1653 quo
1020 1571 1159 1634 olumore
1172 1590 1298 1634 corone

467 1682 585 1747 Proeliu
599 1681 756 1746 sustineus
770 1680 979 1774 osmpestri25
1001 1679 1139 1763 deniqne
1152 1701 1269 1746 suevam

256 1797 312 1839 0⁰²·-
322 1794 347 1837 ⁰·
357 1796 377 1887 i}
386 1797 406 1886 l?
416 1795 448 1886 {5
468 1791 623 1856 Militiam
637 1811 717 1875 puer
731 1799 764 1856 et
779 1790 972 1856 Cantabrico
985 1789 1069 1854 bellu
1083 1790 1187 1854 tulisti

254 1895 346 1988 ¹³⁰⁸&
353 1896 453 1988 {¹1²5}-
469 1901 536 1966 Sub
552 1901 643 1980 duoe,
659 1901 714 1985 qui
729 1899 856 1984 templis
871 1899 1067 1965 Parthorum
1080 1899 1173 1984 signa
1185 1899 1292 1983 refigit

467 2012 566 2076 Nunc
582 2019 625 2090 et,
642 2011 670 2074 si
686 2008 764 2094 quid
778 2009 881 2086 obest,
896 2009 990 2074 Itulis
1004 2009 1168 2094 sdjudieut
1181 2010 1289 2074 umis.

467 2126 528 2200 Ac,
544 2141 585 2185 ne
599 2129 633 2184 te
645 2119 788 2184 retrahes
802 2128 837 2182 et
849 2119 1073 2184 inexcusabilis
1086 2119 1181 2198 absis,

255 2251 454 2294 ..st-‚ssent
470 2229 624 2297 Quemvis
639 2229 685 2292 nil
699 2236 789 2292 extm
802 2249 974 2292 numerum
988 2229 1100 2292 iecisse
1113 2228 1309 2312 modumque

256 2363 307 2406 aas.
317 2352 367 2396 st
377 2352 397 2394 1.
406 2353 437 2394 u.
469 2341 590 2404 curaer
613 2337 775 2401 intersim
790 2337 922 2420 nugaris
935 2357 1010 2400 rure
1023 2345 1156 2420 psterno
1163 2363 1174 2416 3

469 2447 614 2514 Partitur
626 2446 739 2510 lintres
753 2445 929 2524 exercitus,
951 2446 1049 2510 Actis
1061 2467 1171 2529 pugne

468 2559 513 2622 Te
528 2557 608 2620 duee
622 2575 679 2640 per
692 2576 807 2639 pueros
820 2555 931 2620 hostili
945 2576 1034 2619 more
1048 2556 1186 2620 refertur
1193 2582 1205 2635 ς

468 2665 676 2731 Adversarius
690 2673 740 2729 est
753 2665 861 2744 buter,
877 2665 966 2729 lsous
981 2665 1115 2744 Hedris,
1131 2666 1233 2730 donee

468 2776 673 2841 Alterutrum
689 2773 779 2838 velox
795 2773 941 2838 Victoria
954 2772 1067 2838 fronde
1083 2783 1224 2840 coronet.

469 2885 656 2950 Consentire
670 2883 736 2947 suis
751 2882 867 2948 studiis
881 2883 937 2967 qui
951 2883 1120 2948 crediderit
1133 2893 1176 2962 te,

469 2997 591 3060 Feutor
604 3001 741 3078 utroque
755 3001 849 3056 tuum
863 2993 1007 3057 laudubit
1022 2993 1134 3076 pollice
1147 2993 1271 3060 ludum.

469 3105 623 3170 Protinus
637 3112 675 3169 nt
690 3123 849 3180 moneam,
865 3103 893 3166 si
907 3102 985 3184 quid
997 3104 1166 3168 monitoris
1179 3125 1254 3188 eges
1267 3112 1315 3185 tu,

471 3215 559 3284 Quid
573 3214 614 3280 de
628 3233 754 3297 quoque
767 3213 836 3276 viro
850 3219 884 3276 et
899 3212 951 3276 oui
966 3211 1061 3291 dices,
1077 3234 1161 3298 soepe
1174 3215 1292 3281 videto.

470 3329 731 3391 Percontstorem
745 3322 860 3405 fugito,
876 3342 953 3386 num
968 3323 1114 3406 garrulus
1127 3325 1214 3390 idem
1233 3335 1293 3406 est,

259 3457 313 3491 m·-
324 3447 345 3490 Β·
355 3448 374 3488 1·
383 3448 403 3488 t
412 3445 444 3488 Μ
471 3437 543 3500 Neo
557 3435 698 3499 retinent
712 3431 830 3515 pstulre
844 3432 1015 3496 commisse
1029 3433 1166 3498 fideliter
1179 3457 1283 3516 sures,

260 3565 301 3606 ιη.
311 3563 337 3605 Α.
348 3563 372 3605 r.
382 3563 427 3604 ssu.
470 3545 516 3610 Et
530 3543 629 3608 semel
643 3543 796 3608 emissum
810 3541 896 3605 volut
910 3542 1113 3608 irremeabile
1127 3545 1271 3610 verbum.

471 3657 549 3722 Non
564 3655 679 3720 ancille
693 3661 787 3718 tuum
798 3653 891 3736 jecur
904 3653 1027 3717 ulceret
1039 3655 1107 3718 ulls
1119 3677 1237 3739 puerve

473 3771 566 3834 Intra
578 3786 795 3830 marmoreum
809 3763 981 3828 renuendi
994 3764 1094 3830 limen
1107 3767 1212 3848 amici,

472 3879 526 3944 Ne
540 3877 689 3942 dominns
702 3874 793 3959 pueri
807 3873 933 3957 pulchri
946 3894 1067 3940 csraeve
1082 3877 1195 3959 puelle

472 3993 610 4056 Munere
624 3996 658 4052 te
672 4006 769 4070 parvo
783 3984 856 4049 beet
871 3991 928 4048 sut
940 3983 1163 4051 inoommodns
1176 3996 1284 4072 unget.
1425 3998 1468 4059 75

474 4103 611 4170 Qualem
626 4095 839 4173 commendes,
854 4093 954 4158 etium
968 4101 1065 4178 etque
1078 4097 1177 4161 etiem
1192 4098 1328 4184 sdspioe,
1339 4121 1381 4166 ne
1392 4125 1468 4168 mox

473 4211 640 4278 incutiunt
655 4207 758 4272 eliens
771 4204 831 4269 tibi
844 4211 977 4288 peeonts
989 4204 1153 4289 pudorem.

263 4339 307 4380 tre
317 4335 343 4380 ιι.
353 4337 372 4378 1.
381 4337 401 4378 ι.
411 4338 430 4380 s.
473 4323 629 4390 Fallimur
643 4325 676 4384 et
691 4315 852 4401 quondum
867 4336 934 4378 non
948 4315 1084 4399 dignum
1102 4318 1281 4386 tradimus:
1304 4341 1381 4408 ergo

475 4436 581 4500 Quem
595 4451 654 4494 sus
667 4429 761 4512 culpe
773 4434 908 4511 premet,
924 4425 1076 4511 deceptus
1090 4428 1205 4494 omitte
1219 4431 1315 4512 tueri,

474 4545 524 4608 Ut
537 4539 665 4625 penitus
677 4544 803 4614 notum,
818 4534 846 4598 si
860 4541 1020 4619 temptent
1034 4535 1179 4617 erimine,
1193 4559 1299 4606 serves
1424 4547 1469 4608 80

739 4706 778 4758 58.
790 4708 886 4768 abates,
898 4709 970 4759 Brut,
1035 4709 1077 4760 69.
1088 4709 1101 4762 l
1112 4710 1215 4761 idsmst.
