3450 5667
437 1744 489 1863 (l.
544 1742 816 1851 HORATI
885 1742 1145 1850 lulum
1196 1740 1455 1851 llPODON

357 2464 406 2509 ut.
417 2464 443 2507 0.
453 2464 472 2506 1.
481 2464 514 2505 87.
523 2464 556 2504 Sl.

887 1972 1072 2057 LIBER.

940 2302 970 2366 1.

657 2449 732 2513 Irus
747 2448 901 2514 Liburnis
915 2448 1001 2513 inter
1015 2448 1081 2511 ultu
1095 2448 1236 2527 navium,
1255 2442 1265 2463 '

700 2559 826 2638 Amice,
841 2560 1091 2643 propugnacula,

659 2670 798 2734 Paratus
812 2691 908 2735 omne
924 2670 1060 2735 Caeseris
1075 2671 1253 2755 periculum

702 2779 829 2860 Subire,
845 2781 1018 2860 Maecenas,
1034 2788 1102 2847 tuo.

659 2890 747 2960 Quid
761 2913 831 2972 nos,
847 2893 963 2975 quibus
978 2900 1011 2957 te
1025 2894 1092 2957 vita
1106 2894 1133 2958 si
1149 2894 1319 2978 superstite

703 3002 865 3082 Jncunda,
880 3004 908 3067 si
922 3011 1044 3081 contre,
1060 3005 1188 3087 gravis?

661 3114 825 3177 Utrumne
835 3114 918 3196 jussi
932 3136 1158 3197 persequemur
1172 3117 1284 3195 otium,

702 3226 781 3290 Non
795 3226 898 3305 dulce,
915 3226 949 3289 ui
963 3232 1072 3291 tecum
1086 3228 1204 3291 simul?

660 3338 715 3398 An
729 3333 817 3399 hune
829 3335 973 3399 laborem
987 3342 1096 3401 mente
1110 3337 1217 3415 laturi,
1233 3337 1325 3401 (leuet

707 3446 783 3511 Qua
796 3446 879 3510 ferre
894 3467 959 3510 non
973 3447 1086 3510 molles
1099 3447 1209 3511 viros?

662 3555 834 3635 Feremus3
857 3564 891 3621 et
906 3564 938 3621 te
952 3556 1003 3621 vel
1016 3578 1073 3640 per
1089 3558 1219 3642 Alpium
1230 3560 1319 3643 juga,

704 3666 937 3750 Inhospitulem
952 3676 985 3732 et
1001 3669 1191 3748 Caucasum,
1311 3674 1316 3685 '

659 3776 724 3841 Vel
737 3776 911 3841 occidentis
926 3800 1027 3861 usque
1041 3778 1081 3842 ud
1097 3780 1247 3845 ultimum
1261 3782 1367 3845 sinum

704 3888 796 3953 Furti
809 3910 979 3972 sequemur
992 3898 1129 3974 pectore.

663 4000 780 4081 Roges,
795 4005 890 4061 tuum
905 3998 1013 4063 labore
1028 4001 1225 4084 quidq'uvem
1240 4022 1312 4066 meo

705 4107 849 4173 Imbellis
865 4128 902 4171 ac
917 4108 1027 4171 firmus
1041 4110 1178 4192 purum?
1224 4168 1239 4195 ,

661 4221 777 4286 Comes
792 4218 915 4283 minore
930 4241 1002 4283 sum
1017 4219 1145 4284 futurus
1160 4221 1194 4284 in
1210 4229 1310 4309 metu,

704 4328 771 4395 Qui
786 4330 889 4413 major
903 4329 1050 4393 absentes
1064 4330 1182 4395 hebet:

661 4448 710 4511 Ut
725 4444 865 4507 assidens
879 4444 1088 4526 implumibus
1103 4446 1198 4529 pullis
1214 4448 1279 4512 avis

705 4554 909 4635 Serpentium
925 4553 1062 4638 allapsus
1077 4556 1172 4620 timet

912 4690 933 4740 5.
953 4694 994 4739 sit.
1064 4696 1102 4741 10.
1121 4708 1205 4755 quem.
