3450 5667
365 1805 416 1922 Q.
469 1807 737 1914 HORATI
801 1807 1055 1913 FLACCI
1115 1806 1512 1914 EPISTOLAE.

831 2039 1029 2052 ξ

716 2179 890 2264 LIBER
944 2181 1175 2266 PRIMUS.

914 2367 944 2432 1.

347 2521 392 2562 ..e
411 2519 427 2558 ι.
440 2519 457 2558 ι.
468 2517 486 2558 ι.
560 2491 672 2554 Perus
686 2489 771 2554 dicte
786 2491 878 2568 mihi,
893 2513 1020 2555 summa
1034 2489 1167 2555 dieende
1181 2492 1337 2572 Camena,

558 2601 745 2682 Spectatum
760 2601 837 2663 satir
851 2608 885 2665 et
900 2600 1055 2666 donatum
1064 2603 1135 2685 jam
1149 2602 1229 2665 rude
1243 2605 1375 2686 queris,
1502 2639 1507 2644 ·

558 2709 729 2787 Maecenas,
746 2709 865 2772 iterum
881 2711 1014 2792 antiquo
1027 2733 1080 2775 me
1094 2711 1256 2775 includere
1270 2712 1369 2775 ludo:

345 2841 356 2876 ι
375 2827 398 2866 s·
410 2829 428 2866 ι
440 2827 469 2864 ¹⁰·
480 2825 499 2866 ⁷·
557 2819 634 2882 Nou
648 2819 760 2883 eudem
774 2829 823 2883 est
837 2828 928 2899 aetes,
942 2841 1007 2884 uon
1022 2842 1123 2885 meus.
1170 2822 1332 2900 Veianius,
1349 2821 1448 2885 ermis

341 2943 383 2990 rr·
395 2943 445 2982 Η-
456 2943 482 2981 2⁶
498 2943 517 2982 ³-
559 2930 709 2994 Herculis
726 2929 766 2993 ud
783 2939 907 3014 postem
921 2931 1001 3009 fixis,
1016 2931 1097 2995 lutet
1112 2931 1240 2994 abditus
1255 2953 1345 3015 egro,
1524 2929 1541 2985 5

557 3043 609 3106 Ne
624 3043 777 3126 populum
793 3051 936 3107 extrema
948 3044 1067 3108 totiens
1081 3053 1192 3108 exoret
1205 3044 1334 3108 harene

556 3156 616 3218 Est
630 3153 709 3216 mihi
725 3161 893 3237 purgatum
909 3153 1021 3218 crebro
1036 3155 1091 3237 qui
1105 3162 1253 3238 personet
1267 3175 1400 3219 auremr

557 3265 650 3328 Solve
664 3272 881 3328 senescentem
896 3273 998 3329 mette
1013 3287 1109 3328 sanus
1122 3287 1251 3349 equum,
1265 3285 1308 3329 ne

557 3377 671 3440 Peooet
686 3375 728 3440 sd
741 3385 921 3439 extremum
934 3376 1086 3440 ridendus
1100 3384 1133 3438 et
1147 3377 1203 3438 ilis
1217 3375 1324 3440 duout.

344 3524 375 3554 ιο,
388 3511 411 3551 r.
422 3513 440 3550 ε.
451 3513 469 3550 s.
480 3513 511 3550 u.
558 3487 589 3548 N
592 3505 654 3548 uue
669 3485 777 3568 itaque
792 3493 825 3548 et
840 3506 949 3548 versus
962 3493 996 3548 et
1011 3493 1116 3549 eetere
1129 3485 1254 3548 ludicre
1267 3506 1371 3569 pono,
1509 3483 1544 3544 10

557 3595 645 3660 Quid
659 3617 768 3660 verum
785 3605 882 3680 etque
896 3594 1011 3660 decens
1025 3617 1102 3660 euro
1116 3604 1149 3659 et
1159 3615 1239 3679 rogo
1252 3604 1286 3658 et
1301 3595 1410 3660 omnis
1435 3594 1470 3657 iu
1492 3592 1545 3654 hoc

725 3727 818 3784 sum3

345 3825 387 3866 Μ’
397 3835 414 3864 r-
427 3823 452 3862 Β·
463 3825 482 3864 ³·
493 3825 511 3864 ¹·
522 3825 541 3864 ⁸-
556 3815 668 3880 Coudo
683 3824 716 3880 et
731 3837 897 3901 compono,
915 3839 985 3902 quae
998 3838 1074 3881 mox
1088 3817 1273 3902 depromere
1287 3818 1421 3901 possim.

556 3929 604 3990 Ae
619 3949 659 3991 ue
669 3927 752 3992 forte
767 3949 869 4012 roges,
886 3950 949 4012 quo
963 3949 1016 3992 me
1030 3929 1122 4008 duee,
1138 3951 1202 4011 quo
1216 3931 1282 3994 lare
1296 3937 1386 3993 tuter
1398 3956 1409 4010 ;

334 4077 385 4128 m
398 4075 437 4126 ΕΡ,
448 4075 507 4116 uu
556 4037 687 4100 Nullius
702 4037 847 4102 addictus
858 4041 968 4122 jurare
982 4042 1018 4103 in
1031 4039 1127 4104 verba
1140 4039 1296 4122 magistri,

556 4151 630 4216 Quo
644 4169 696 4212 me
711 4169 847 4232 eumque
862 4152 946 4235 repit
959 4159 1142 4234 tempestus,
1157 4150 1282 4213 deferor
1294 4151 1424 4234 hospes.
1442 4140 1449 4156 ⁶
1514 4150 1549 4208 15

555 4261 653 4324 Nune
668 4259 760 4343 egilis
775 4259 817 4322 fio
832 4268 865 4324 et
878 4281 1000 4324 mersor
1014 4261 1160 4324 civilibus
1174 4258 1281 4335 undis,

555 4371 695 4436 Virtutis
709 4392 790 4436 verae
806 4379 912 4435 custos
926 4370 1112 4456 rigidusque
1126 4370 1274 4448 satelles5

341 4485 389 4526 ffl-
402 4486 541 4579 ¹³·¹·1¹³⁷.‘1iii
555 4483 653 4546 Nune
668 4483 702 4545 in
716 4479 873 4565 Aristippi
886 4480 999 4544 furtim
1014 4489 1172 4564 prreeeptu
1186 4480 1319 4557 relabor,

554 4593 596 4654 Et
612 4591 692 4656 mihi
706 4611 766 4667 res,
783 4613 849 4655 nou
864 4613 915 4655 me
930 4591 1024 4656 rebus
1038 4591 1231 4674 subjungere
1246 4609 1353 4654 conor.

685 4725 709 4768 4.
728 4721 875 4770 ieudomst.
943 4723 967 4771 6.
986 4724 1080 4782 totier3
1099 4739 1186 4771 arcus.
1255 4722 1293 4769 16.
1312 4737 1429 4769 versor.⁴
