<?xml version="1.0" encoding="UTF-8"?>
<!DOCTYPE html PUBLIC "-//W3C//DTD XHTML 1.0 Transitional//EN"
    "http://www.w3.org/TR/xhtml1/DTD/xhtml1-transitional.dtd">
<html xmlns="http://www.w3.org/1999/xhtml" xml:lang="en" lang="en">
 <head>
  <title>
</title>
<meta http-equiv="Content-Type" content="text/html;charset=utf-8" />
  <meta name='ocr-system' content='tesseract 3.04.00' />
  <meta name='ocr-capabilities' content='ocr_page ocr_carea ocr_par ocr_line ocrx_word'/>
</head>
<body>
  <div class='ocr_page' id='page_1' title='image "./quintihoratifla01horagoog_0066.png"; bbox 0 0 3450 5667; ppageno 0'>
   <div class='ocr_carea' id='block_1_1' title="bbox 760 699 1162 780">
    <p class='ocr_par' dir='ltr' id='par_1_1' title="bbox 760 699 1162 780">
     <span class='ocr_line' id='line_1_1' title="bbox 760 699 1162 780; baseline -0.007 -18"><span class='ocrx_word' id='word_1_1' title='bbox 760 705 795 780; x_wconf 78' lang='lat' dir='ltr'>Q.</span> <span class='ocrx_word' id='word_1_2' title='bbox 830 702 990 763; x_wconf 74' lang='lat' dir='ltr'>norm</span> <span class='ocrx_word' id='word_1_3' title='bbox 1017 699 1162 760; x_wconf 73' lang='lat' dir='ltr'>mcor</span> 
     </span>
    </p>
   </div>
   <div class='ocr_carea' id='block_1_2' title="bbox 703 857 1577 1288">
    <p class='ocr_par' dir='ltr' id='par_1_2' title="bbox 703 857 1577 1288">
     <span class='ocr_line' id='line_1_2' title="bbox 703 857 1577 954; baseline -0.006 -22"><span class='ocrx_word' id='word_1_4' title='bbox 703 871 811 954; x_wconf 78' lang='lat' dir='ltr'>Cogor</span> <span class='ocrx_word' id='word_1_5' title='bbox 824 867 963 934; x_wconf 88' lang='lat' dir='ltr'>relictos.</span> <span class='ocrx_word' id='word_1_6' title='bbox 1007 866 1159 950; x_wconf 90' lang='lat' dir='ltr'>Namque</span> <span class='ocrx_word' id='word_1_7' title='bbox 1172 862 1370 949; x_wconf 70' lang='lat' dir='ltr'><strong>Diespiter,</strong></span> <span class='ocrx_word' id='word_1_8' title='bbox 1563 857 1577 913; x_wconf 83' lang='lat'><strong>5</strong></span> 
     </span>
     <span class='ocr_line' id='line_1_3' title="bbox 704 977 1212 1066; baseline -0.012 -18"><span class='ocrx_word' id='word_1_9' title='bbox 704 981 781 1066; x_wconf 74' lang='lat' dir='ltr'>Igni</span> <span class='ocrx_word' id='word_1_10' title='bbox 794 1001 928 1046; x_wconf 87' lang='lat' dir='ltr'>corusco</span> <span class='ocrx_word' id='word_1_11' title='bbox 942 978 1055 1044; x_wconf 87' lang='lat' dir='ltr'>nubila</span> <span class='ocrx_word' id='word_1_12' title='bbox 1068 977 1212 1043; x_wconf 81' lang='lat' dir='ltr'>dividens</span> 
     </span>
     <span class='ocr_line' id='line_1_4' title="bbox 747 1093 1342 1176; baseline -0.01 -19"><span class='ocrx_word' id='word_1_13' title='bbox 747 1093 953 1176; x_wconf 80' lang='lat' dir='ltr'><strong>Plerumque,</strong></span> <span class='ocrx_word' id='word_1_14' title='bbox 968 1111 1026 1175; x_wconf 90' lang='lat' dir='ltr'>per</span> <span class='ocrx_word' id='word_1_15' title='bbox 1039 1111 1157 1174; x_wconf 90' lang='lat' dir='ltr'>purum</span> <span class='ocrx_word' id='word_1_16' title='bbox 1170 1095 1342 1154; x_wconf 85' lang='lat' dir='ltr'>tonantes</span> 
     </span>
     <span class='ocr_line' id='line_1_5' title="bbox 789 1201 1406 1288; baseline -0.006 -22"><span class='ocrx_word' id='word_1_17' title='bbox 789 1203 868 1288; x_wconf 80' lang='lat' dir='ltr'>Egit</span> <span class='ocrx_word' id='word_1_18' title='bbox 882 1223 981 1286; x_wconf 88' lang='lat' dir='ltr'>equos</span> <span class='ocrx_word' id='word_1_19' title='bbox 995 1201 1218 1286; x_wconf 76' lang='lat' dir='ltr'>volucremque</span> <span class='ocrx_word' id='word_1_20' title='bbox 1233 1217 1406 1274; x_wconf 80' lang='lat' dir='ltr'>currum3</span> 
     </span>
    </p>
   </div>
   <div class='ocr_carea' id='block_1_3' title="bbox 705 1333 1588 1734">
    <p class='ocr_par' dir='ltr' id='par_1_3' title="bbox 705 1333 1588 1734">
     <span class='ocr_line' id='line_1_6' title="bbox 706 1333 1330 1420; baseline -0.014 -14"><span class='ocrx_word' id='word_1_21' title='bbox 706 1339 781 1406; x_wconf 80' lang='lat' dir='ltr'>Quo</span> <span class='ocrx_word' id='word_1_22' title='bbox 795 1338 893 1403; x_wconf 87' lang='lat' dir='ltr'>bruta</span> <span class='ocrx_word' id='word_1_23' title='bbox 904 1337 1013 1415; x_wconf 88' lang='lat' dir='ltr'>tellus,</span> <span class='ocrx_word' id='word_1_24' title='bbox 1028 1344 1063 1402; x_wconf 88' lang='lat' dir='ltr'>et</span> <span class='ocrx_word' id='word_1_25' title='bbox 1075 1357 1157 1420; x_wconf 78' lang='lat' dir='ltr'>ruga</span> <span class='ocrx_word' id='word_1_26' title='bbox 1169 1333 1330 1411; x_wconf 82' lang='lat' dir='ltr'>flumina,</span> 
     </span>
     <span class='ocr_line' id='line_1_7' title="bbox 705 1431 1588 1534; baseline -0.002 -19"><span class='ocrx_word' id='word_1_27' title='bbox 705 1448 780 1515; x_wconf 78' lang='lat' dir='ltr'>Quo</span> <span class='ocrx_word' id='word_1_28' title='bbox 795 1447 1035 1534; x_wconf 80' lang='lat' dir='ltr'>Styxetinrisi</span> <span class='ocrx_word' id='word_1_29' title='bbox 1048 1443 1332 1512; x_wconf 67' lang='lat' dir='ltr'>horridssmmri</span> <span class='ocrx_word' id='word_1_30' title='bbox 1551 1431 1588 1492; x_wconf 80' lang='lat'>¹⁰</span> 
     </span>
     <span class='ocr_line' id='line_1_8' title="bbox 749 1555 1199 1641; baseline -0.004 -19"><span class='ocrx_word' id='word_1_31' title='bbox 749 1557 858 1638; x_wconf 86' lang='lat' dir='ltr'>Sedes,</span> <span class='ocrx_word' id='word_1_32' title='bbox 874 1555 1199 1641; x_wconf 85' lang='lat' dir='ltr'>Atlanteusque-finis</span> 
     </span>
     <span class='ocr_line' id='line_1_9' title="bbox 792 1663 1381 1734; baseline -0.008 0"><span class='ocrx_word' id='word_1_33' title='bbox 792 1666 994 1734; x_wconf 84' lang='lat' dir='ltr'>Concutitnr.</span> <span class='ocrx_word' id='word_1_34' title='bbox 1036 1667 1135 1733; x_wconf 87' lang='lat' dir='ltr'>Valet</span> <span class='ocrx_word' id='word_1_35' title='bbox 1147 1667 1214 1731; x_wconf 91' lang='lat' dir='ltr'>ima</span> <span class='ocrx_word' id='word_1_36' title='bbox 1226 1663 1381 1730; x_wconf 81' lang='lat' dir='ltr'>summis</span> 
     </span>
    </p>
   </div>
   <div class='ocr_carea' id='block_1_4' title="bbox 705 1799 1584 2219">
    <p class='ocr_par' dir='ltr' id='par_1_4' title="bbox 705 1799 1584 2219">
     <span class='ocr_line' id='line_1_10' title="bbox 705 1799 1351 1886; baseline -0.006 -18"><span class='ocrx_word' id='word_1_37' title='bbox 705 1803 849 1882; x_wconf 87' lang='lat' dir='ltr'>Mutare,</span> <span class='ocrx_word' id='word_1_38' title='bbox 864 1811 899 1867; x_wconf 85' lang='lat' dir='ltr'>et</span> <span class='ocrx_word' id='word_1_39' title='bbox 912 1801 1070 1886; x_wconf 76' lang='lat' dir='ltr'>insignem</span> <span class='ocrx_word' id='word_1_40' title='bbox 1085 1809 1233 1867; x_wconf 82' lang='lat' dir='ltr'>attenuat</span> <span class='ocrx_word' id='word_1_41' title='bbox 1246 1799 1351 1877; x_wconf 89' lang='lat' dir='ltr'>deus,</span> 
     </span>
     <span class='ocr_line' id='line_1_11' title="bbox 706 1913 1431 1999; baseline -0.007 -19"><span class='ocrx_word' id='word_1_42' title='bbox 706 1913 852 1981; x_wconf 88' lang='lat' dir='ltr'>Obscura</span> <span class='ocrx_word' id='word_1_43' title='bbox 866 1935 1027 1998; x_wconf 90' lang='lat' dir='ltr'>promens.</span> <span class='ocrx_word' id='word_1_44' title='bbox 1073 1914 1162 1979; x_wconf 89' lang='lat' dir='ltr'>Hinc</span> <span class='ocrx_word' id='word_1_45' title='bbox 1176 1913 1306 1999; x_wconf 82' lang='lat' dir='ltr'><strong>apicem</strong></span> <span class='ocrx_word' id='word_1_46' title='bbox 1321 1927 1431 1994; x_wconf 77' lang='lat' dir='ltr'>rapu</span> 
     </span>
     <span class='ocr_line' id='line_1_12' title="bbox 749 2005 1584 2090; baseline -0.002 0"><span class='ocrx_word' id='word_1_47' title='bbox 749 2023 1133 2090; x_wconf 78' lang='lat' dir='ltr'>Fortunacumstridore</span> <span class='ocrx_word' id='word_1_48' title='bbox 1146 2031 1242 2088; x_wconf 88' lang='lat' dir='ltr'>acuto</span> <span class='ocrx_word' id='word_1_49' title='bbox 1551 2005 1584 2066; x_wconf 77' lang='lat'>¹5</span> 
     </span>
     <span class='ocr_line' id='line_1_13' title="bbox 794 2125 1318 2219; baseline -0.008 -17"><span class='ocrx_word' id='word_1_50' title='bbox 794 2135 944 2215; x_wconf 85' lang='lat' dir='ltr'>Sustulit,</span> <span class='ocrx_word' id='word_1_51' title='bbox 960 2134 1013 2199; x_wconf 90' lang='lat' dir='ltr'>hic</span> <span class='ocrx_word' id='word_1_52' title='bbox 1027 2132 1169 2219; x_wconf 88' lang='lat' dir='ltr'>posuisse</span> <span class='ocrx_word' id='word_1_53' title='bbox 1183 2125 1318 2218; x_wconf 62' lang='lat' dir='ltr'>gaudet}</span> 
     </span>
    </p>
   </div>
   <div class='ocr_carea' id='block_1_5' title="bbox 708 2443 1342 2764">
    <p class='ocr_par' dir='ltr' id='par_1_5' title="bbox 708 2443 1342 2764">
     <span class='ocr_line' id='line_1_14' title="bbox 1032 2443 1173 2509; baseline 0 -1"><span class='ocrx_word' id='word_1_54' title='bbox 1032 2443 1173 2509; x_wconf 83' lang='lat' dir='ltr'>XXXV.</span> 
     </span>
     <span class='ocr_line' id='line_1_15' title="bbox 708 2567 1342 2654; baseline -0.009 -19"><span class='ocrx_word' id='word_1_55' title='bbox 708 2570 738 2635; x_wconf 94' lang='grc' dir='ltr'>Ο</span> <span class='ocrx_word' id='word_1_56' title='bbox 754 2591 843 2649; x_wconf 77' lang='lat' dir='ltr'>mvn,</span> <span class='ocrx_word' id='word_1_57' title='bbox 860 2575 991 2654; x_wconf 84' lang='lat' dir='ltr'>gratum</span> <span class='ocrx_word' id='word_1_58' title='bbox 1006 2590 1077 2653; x_wconf 77' lang='lat' dir='ltr'>que</span> <span class='ocrx_word' id='word_1_59' title='bbox 1091 2567 1177 2652; x_wconf 82' lang='lat' dir='ltr'>regis</span> <span class='ocrx_word' id='word_1_60' title='bbox 1191 2567 1342 2644; x_wconf 79' lang='lat' dir='ltr'>Antium,</span> 
     </span>
     <span class='ocr_line' id='line_1_16' title="bbox 710 2678 1297 2764; baseline -0.009 -19"><span class='ocrx_word' id='word_1_61' title='bbox 710 2681 853 2745; x_wconf 74' lang='lat' dir='ltr'>Praesens</span> <span class='ocrx_word' id='word_1_62' title='bbox 868 2680 919 2744; x_wconf 85' lang='lat' dir='ltr'>vel</span> <span class='ocrx_word' id='word_1_63' title='bbox 932 2678 1000 2744; x_wconf 92' lang='lat' dir='ltr'>imo</span> <span class='ocrx_word' id='word_1_64' title='bbox 1012 2679 1127 2744; x_wconf 87' lang='lat' dir='ltr'>tollere</span> <span class='ocrx_word' id='word_1_65' title='bbox 1141 2679 1181 2745; x_wconf 91' lang='lat' dir='ltr'>de</span> <span class='ocrx_word' id='word_1_66' title='bbox 1196 2678 1297 2764; x_wconf 81' lang='lat' dir='ltr'>gradu</span> 
     </span>
    </p>
   </div>
   <div class='ocr_carea' id='block_1_6' title="bbox 751 2790 1322 2984">
    <p class='ocr_par' dir='ltr' id='par_1_6' title="bbox 751 2790 1322 2984">
     <span class='ocr_line' id='line_1_17' title="bbox 751 2790 1265 2876; baseline -0.006 -20"><span class='ocrx_word' id='word_1_67' title='bbox 751 2791 893 2856; x_wconf 85' lang='lat' dir='ltr'>Mortale</span> <span class='ocrx_word' id='word_1_68' title='bbox 908 2812 1033 2875; x_wconf 89' lang='lat' dir='ltr'>corpus,</span> <span class='ocrx_word' id='word_1_69' title='bbox 1048 2791 1099 2856; x_wconf 85' lang='lat' dir='ltr'>vel</span> <span class='ocrx_word' id='word_1_70' title='bbox 1113 2790 1265 2876; x_wconf 88' lang='lat' dir='ltr'>superbos</span> 
     </span>
     <span class='ocr_line' id='line_1_18' title="bbox 794 2899 1322 2984; baseline -0.004 -20"><span class='ocrx_word' id='word_1_71' title='bbox 794 2901 931 2966; x_wconf 76' lang='lat' dir='ltr'>Vertere</span> <span class='ocrx_word' id='word_1_72' title='bbox 944 2899 1111 2964; x_wconf 76' lang='lat' dir='ltr'>funeribus</span> <span class='ocrx_word' id='word_1_73' title='bbox 1124 2899 1322 2984; x_wconf 87' lang='lat' dir='ltr'>triumphos;</span> 
     </span>
    </p>
   </div>
   <div class='ocr_carea' id='block_1_7' title="bbox 709 3034 1570 3808">
    <p class='ocr_par' dir='ltr' id='par_1_7' title="bbox 709 3034 1570 3808">
     <span class='ocr_line' id='line_1_19' title="bbox 709 3034 1254 3121; baseline 0 -20"><span class='ocrx_word' id='word_1_74' title='bbox 709 3037 754 3102; x_wconf 76' lang='lat' dir='ltr'>&#39;fe</span> <span class='ocrx_word' id='word_1_75' title='bbox 769 3055 889 3121; x_wconf 82' lang='lat' dir='ltr'>pauper</span> <span class='ocrx_word' id='word_1_76' title='bbox 903 3034 1005 3099; x_wconf 89' lang='lat' dir='ltr'>ambit</span> <span class='ocrx_word' id='word_1_77' title='bbox 1016 3035 1152 3101; x_wconf 85' lang='lat' dir='ltr'>sollicita</span> <span class='ocrx_word' id='word_1_78' title='bbox 1161 3055 1254 3121; x_wconf 85' lang='lat' dir='ltr'>prece</span> 
     </span>
     <span class='ocr_line' id='line_1_20' title="bbox 709 3145 1371 3232; baseline -0.002 -20"><span class='ocrx_word' id='word_1_79' title='bbox 709 3145 806 3212; x_wconf 86' lang='lat' dir='ltr'>Ruris</span> <span class='ocrx_word' id='word_1_80' title='bbox 821 3146 953 3210; x_wconf 90' lang='lat' dir='ltr'>colonus</span> <span class='ocrx_word' id='word_1_81' title='bbox 960 3171 971 3225; x_wconf 89' lang='lat'>;</span> <span class='ocrx_word' id='word_1_82' title='bbox 994 3154 1028 3210; x_wconf 86' lang='lat' dir='ltr'>te</span> <span class='ocrx_word' id='word_1_83' title='bbox 1042 3145 1208 3212; x_wconf 83' lang='lat' dir='ltr'>dominam</span> <span class='ocrx_word' id='word_1_84' title='bbox 1221 3146 1371 3232; x_wconf 76' lang='lat' dir='ltr'>equoris,</span> 
     </span>
     <span class='ocr_line' id='line_1_21' title="bbox 752 3257 1255 3344; baseline -0.006 -19"><span class='ocrx_word' id='word_1_85' title='bbox 752 3257 957 3343; x_wconf 85' lang='lat' dir='ltr'>Quicumque</span> <span class='ocrx_word' id='word_1_86' title='bbox 971 3259 1117 3344; x_wconf 80' lang='lat' dir='ltr'>Bithyna</span> <span class='ocrx_word' id='word_1_87' title='bbox 1129 3259 1255 3324; x_wconf 86' lang='lat' dir='ltr'>lacessit</span> 
     </span>
     <span class='ocr_line' id='line_1_22' title="bbox 795 3368 1285 3453; baseline -0.002 -19"><span class='ocrx_word' id='word_1_88' title='bbox 795 3368 1006 3453; x_wconf 78' lang='lat' dir='ltr'>Carpathium</span> <span class='ocrx_word' id='word_1_89' title='bbox 1020 3369 1152 3453; x_wconf 77' lang='lat' dir='ltr'>pelagus</span> <span class='ocrx_word' id='word_1_90' title='bbox 1166 3369 1285 3433; x_wconf 75' lang='lat' dir='ltr'>carina</span> 
     </span>
     <span class='ocr_line' id='line_1_23' title="bbox 709 3501 1341 3588; baseline 0.003 -22"><span class='ocrx_word' id='word_1_91' title='bbox 709 3501 754 3566; x_wconf 77' lang='lat' dir='ltr'>&#39;fe</span> <span class='ocrx_word' id='word_1_92' title='bbox 768 3501 879 3565; x_wconf 84' lang='lat' dir='ltr'>Dacus</span> <span class='ocrx_word' id='word_1_93' title='bbox 893 3523 995 3588; x_wconf 86' lang='lat' dir='ltr'>asper,</span> <span class='ocrx_word' id='word_1_94' title='bbox 1012 3510 1046 3566; x_wconf 84' lang='lat' dir='ltr'>te</span> <span class='ocrx_word' id='word_1_95' title='bbox 1059 3503 1188 3588; x_wconf 80' lang='lat' dir='ltr'>profugi</span> <span class='ocrx_word' id='word_1_96' title='bbox 1202 3502 1341 3588; x_wconf 67' lang='lat' dir='ltr'>scytha,</span> 
     </span>
     <span class='ocr_line' id='line_1_24' title="bbox 710 3589 1570 3697; baseline 0.003 -23"><span class='ocrx_word' id='word_1_97' title='bbox 710 3609 880 3695; x_wconf 86' lang='lat' dir='ltr'>Urbesque</span> <span class='ocrx_word' id='word_1_98' title='bbox 894 3621 1069 3697; x_wconf 84' lang='lat' dir='ltr'>gentesque</span> <span class='ocrx_word' id='word_1_99' title='bbox 1083 3620 1117 3678; x_wconf 86' lang='lat' dir='ltr'>et</span> <span class='ocrx_word' id='word_1_100' title='bbox 1131 3614 1265 3680; x_wconf 85' lang='lat' dir='ltr'>Latium</span> <span class='ocrx_word' id='word_1_101' title='bbox 1278 3613 1375 3688; x_wconf 81' lang='lat' dir='ltr'>ferox.</span> <span class='ocrx_word' id='word_1_102' title='bbox 1535 3589 1570 3653; x_wconf 80' lang='lat'>¹⁰</span> 
     </span>
     <span class='ocr_line' id='line_1_25' title="bbox 752 3722 1359 3808; baseline 0.005 -23"><span class='ocrx_word' id='word_1_103' title='bbox 752 3723 943 3808; x_wconf 81' lang='lat' dir='ltr'>Regumqne</span> <span class='ocrx_word' id='word_1_104' title='bbox 956 3731 1077 3788; x_wconf 87' lang='lat' dir='ltr'>matres</span> <span class='ocrx_word' id='word_1_105' title='bbox 1092 3722 1311 3804; x_wconf 86' lang='lat' dir='ltr'>barbarorum,</span> <span class='ocrx_word' id='word_1_106' title='bbox 1325 3731 1359 3788; x_wconf 85' lang='lat' dir='ltr'>et</span> 
     </span>
    </p>
   </div>
   <div class='ocr_carea' id='block_1_8' title="bbox 795 3832 1379 3924">
    <p class='ocr_par' dir='ltr' id='par_1_8' title="bbox 795 3832 1379 3924">
     <span class='ocr_line' id='line_1_26' title="bbox 795 3832 1379 3924; baseline 0.003 -27"><span class='ocrx_word' id='word_1_107' title='bbox 795 3832 956 3918; x_wconf 91' lang='lat' dir='ltr'>Purpurei</span> <span class='ocrx_word' id='word_1_108' title='bbox 970 3841 1122 3898; x_wconf 88' lang='lat' dir='ltr'>metuunt</span> <span class='ocrx_word' id='word_1_109' title='bbox 1136 3836 1277 3922; x_wconf 78' lang='lat' dir='ltr'>tyranni,</span> <span class='ocrx_word' id='word_1_110' title='bbox 1372 3913 1379 3924; x_wconf 94' lang='lat'>.</span> 
     </span>
    </p>
   </div>
   <div class='ocr_carea' id='block_1_9' title="bbox 708 3967 1564 4389">
    <p class='ocr_par' dir='ltr' id='par_1_9' title="bbox 708 3967 1564 4389">
     <span class='ocr_line' id='line_1_27' title="bbox 709 3967 1167 4054; baseline 0.004 -22"><span class='ocrx_word' id='word_1_111' title='bbox 709 3967 871 4052; x_wconf 88' lang='lat' dir='ltr'>Injurioso</span> <span class='ocrx_word' id='word_1_112' title='bbox 884 3990 926 4033; x_wconf 92' lang='lat' dir='ltr'>ne</span> <span class='ocrx_word' id='word_1_113' title='bbox 940 3969 1020 4053; x_wconf 86' lang='lat' dir='ltr'>pedo</span> <span class='ocrx_word' id='word_1_114' title='bbox 1034 3991 1167 4054; x_wconf 75' lang='lat' dir='ltr'>proruas</span> 
     </span>
     <span class='ocr_line' id='line_1_28' title="bbox 708 4077 1461 4166; baseline 0.004 -26"><span class='ocrx_word' id='word_1_115' title='bbox 708 4077 857 4144; x_wconf 81' lang='lat' dir='ltr'>Stantem</span> <span class='ocrx_word' id='word_1_116' title='bbox 873 4080 1066 4160; x_wconf 89' lang='lat' dir='ltr'>columnam,</span> <span class='ocrx_word' id='word_1_117' title='bbox 1082 4101 1148 4146; x_wconf 88' lang='lat' dir='ltr'>neu</span> <span class='ocrx_word' id='word_1_118' title='bbox 1162 4082 1297 4166; x_wconf 90' lang='lat' dir='ltr'>populus</span> <span class='ocrx_word' id='word_1_119' title='bbox 1311 4078 1461 4164; x_wconf 79' lang='lat' dir='ltr'>frequens</span> 
     </span>
     <span class='ocr_line' id='line_1_29' title="bbox 751 4173 1564 4258; baseline 0.01 -5"><span class='ocrx_word' id='word_1_120' title='bbox 751 4189 804 4253; x_wconf 89' lang='lat' dir='ltr'>Ad</span> <span class='ocrx_word' id='word_1_121' title='bbox 819 4195 1076 4258; x_wconf 82' lang='lat' dir='ltr'>armaoessantis</span> <span class='ocrx_word' id='word_1_122' title='bbox 1091 4193 1238 4258; x_wconf 86' lang='lat' dir='ltr'>adarma</span> <span class='ocrx_word' id='word_1_123' title='bbox 1529 4173 1564 4239; x_wconf 70' lang='lat'>¹5</span> 
     </span>
     <span class='ocr_line' id='line_1_30' title="bbox 794 4301 1359 4389; baseline 0 -23"><span class='ocrx_word' id='word_1_124' title='bbox 794 4301 954 4382; x_wconf 84' lang='lat' dir='ltr'>Concitet,</span> <span class='ocrx_word' id='word_1_125' title='bbox 970 4304 1205 4389; x_wconf 85' lang='lat' dir='ltr'>imperiumque</span> <span class='ocrx_word' id='word_1_126' title='bbox 1220 4302 1359 4387; x_wconf 82' lang='lat' dir='ltr'>frangat.</span> 
     </span>
    </p>
   </div>
   <div class='ocr_carea' id='block_1_10' title="bbox 650 4438 1318 4619">
    <p class='ocr_par' dir='ltr' id='par_1_10' title="bbox 650 4438 1318 4619">
     <span class='ocr_line' id='line_1_31' title="bbox 650 4438 1318 4522; baseline 0.003 -20"><span class='ocrx_word' id='word_1_127' title='bbox 650 4441 656 4456; x_wconf 87' lang='grc'><em>“</em></span> <span class='ocrx_word' id='word_1_128' title='bbox 706 4438 752 4502; x_wconf 78' lang='lat' dir='ltr'>&#39;fe</span> <span class='ocrx_word' id='word_1_129' title='bbox 767 4456 893 4522; x_wconf 81' lang='lat' dir='ltr'>semper</span> <span class='ocrx_word' id='word_1_130' title='bbox 907 4440 1011 4505; x_wconf 85' lang='lat' dir='ltr'>anteit</span> <span class='ocrx_word' id='word_1_131' title='bbox 1024 4463 1108 4507; x_wconf 78' lang='lat' dir='ltr'>sueva</span> <span class='ocrx_word' id='word_1_132' title='bbox 1120 4440 1318 4520; x_wconf 86' lang='lat' dir='ltr'>Necessitas,</span> 
     </span>
     <span class='ocr_line' id='line_1_32' title="bbox 706 4548 1263 4619; baseline 0.007 -6"><span class='ocrx_word' id='word_1_133' title='bbox 706 4548 820 4614; x_wconf 75' lang='lat' dir='ltr'>Claros</span> <span class='ocrx_word' id='word_1_134' title='bbox 835 4551 968 4616; x_wconf 90' lang='lat' dir='ltr'>trabalis</span> <span class='ocrx_word' id='word_1_135' title='bbox 982 4561 1016 4618; x_wconf 89' lang='lat' dir='ltr'>et</span> <span class='ocrx_word' id='word_1_136' title='bbox 1030 4575 1149 4619; x_wconf 90' lang='lat' dir='ltr'>cuneos</span> <span class='ocrx_word' id='word_1_137' title='bbox 1162 4575 1263 4618; x_wconf 91' lang='lat' dir='ltr'>manu</span> 
     </span>
    </p>
   </div>
   <div class='ocr_carea' id='block_1_11' title="bbox 576 4674 1559 4805">
    <p class='ocr_par' dir='ltr' id='par_1_11' title="bbox 576 4674 1559 4805">
     <span class='ocr_line' id='line_1_33' title="bbox 576 4674 1559 4748; baseline 0.005 -18"><span class='ocrx_word' id='word_1_138' title='bbox 576 4695 664 4732; x_wconf 77' lang='lat' dir='ltr'>xxxiv.</span> <span class='ocrx_word' id='word_1_139' title='bbox 683 4683 706 4734; x_wconf 78' lang='grc' dir='ltr'>ὅ.</span> <span class='ocrx_word' id='word_1_140' title='bbox 723 4686 841 4748; x_wconf 76' lang='lat' dir='ltr'>reiectos,</span> <span class='ocrx_word' id='word_1_141' title='bbox 855 4689 926 4737; x_wconf 72' lang='lat' dir='ltr'>Beat.</span> <span class='ocrx_word' id='word_1_142' title='bbox 992 4687 1016 4739; x_wconf 79' lang='lat'>7.</span> <span class='ocrx_word' id='word_1_143' title='bbox 1034 4691 1159 4741; x_wconf 81' lang='lat' dir='ltr'>tonantis.</span> <span class='ocrx_word' id='word_1_144' title='bbox 1272 4674 1350 4738; x_wconf 48' lang='lat' dir='ltr'>xxxv,</span> <span class='ocrx_word' id='word_1_145' title='bbox 1367 4686 1408 4738; x_wconf 78' lang='lat'>15.</span> <span class='ocrx_word' id='word_1_146' title='bbox 1426 4680 1559 4736; x_wconf 59' lang='lat' dir='ltr'>corsuum·</span> 
     </span>
     <span class='ocr_line' id='line_1_34' title="bbox 874 4751 1278 4805; baseline 0.007 -3"><span class='ocrx_word' id='word_1_147' title='bbox 874 4751 1010 4802; x_wconf 67' lang='lat' dir='ltr'>17.sem„</span> <span class='ocrx_word' id='word_1_148' title='bbox 1096 4756 1278 4805; x_wconf 65' lang='lat' dir='ltr'>letrannus.</span> 
     </span>
    </p>
   </div>
   <div class='ocr_carea' id='block_1_12' title="bbox 0 0 1737 5667">
    <p class='ocr_par' dir='ltr' id='par_1_12' title="bbox 0 0 1737 5667">
     <span class='ocr_line' id='line_1_35' title="bbox 0 0 1737 5667; baseline 0 0"><span class='ocrx_word' id='word_1_149' title='bbox 0 0 1737 5667; x_wconf 95' lang='lat' dir='ltr'> </span> 
     </span>
    </p>
   </div>
  </div>
 </body>
</html>
