3450 5667
809 685 843 760 u
865 687 1022 745 norm
1038 685 1178 744 rraccr

605 852 682 917 Plus
695 861 844 938 poscente
857 855 982 935 sereut3
1004 855 1113 934 distat,
1127 873 1265 918 sumasne
1277 849 1413 935 pudenter,

606 967 658 1028 An
672 965 784 1048 rupiu-
829 967 932 1050 Atqui
945 987 1054 1030 rernm
1067 973 1162 1048 ceput
1173 964 1233 1026 boe
1244 968 1315 1036 erat,
1326 958 1370 1020 bic
1379 957 1441 1018 lona
1479 954 1504 1011 li
1550 1006 1552 1061 Ι

607 1073 758 1139 Indouta
770 1075 851 1138 mibi
866 1096 956 1140 soror
967 1084 1029 1152 est,
1044 1072 1231 1158 paupercula
1241 1078 1340 1144 mater,
1550 1072 1552 1155 j

607 1185 651 1248 Et
665 1183 783 1248 fundus
798 1205 857 1248 nec
870 1184 1038 1249 vendibilia
1052 1205 1112 1248 nce
1126 1201 1246 1266 pascere
1258 1180 1362 1252 mmm,

609 1292 674 1361 Qui
689 1293 775 1372 dicit,
791 1293 928 1357 clamat:
951 1294 1086 1358 Victum
1100 1292 1184 1354 date.
1226 1285 1352 1352 succinit
1363 1282 1439 1345 ulte:

608 1403 652 1468 Et
667 1403 746 1468 mibi
761 1403 891 1468 diuiduo
904 1404 1044 1468 findetur
1057 1421 1188 1466 munere
1202 1395 1320 1481 quadra.

609 1509 672 1574 Sed
687 1511 803 1574 tacitus
816 1513 902 1595 perci
916 1513 943 1576 si
956 1523 1065 1596 posset
1079 1531 1201 1586 corvus,
1215 1506 1334 1569 baberet
1484 1488 1510 1548 5⁰

611 1621 686 1682 Plus
700 1619 790 1704 dapis
804 1631 837 1686 et
850 1623 928 1686 rixae
942 1624 1048 1687 multo
1061 1622 1168 1686 minus
1182 1615 1361 1694 invidiaque.

399 1751 430 1796 ς’·
441 1741 462 1782 ⁸·
474 1741 521 1832 ἑξ
534 1791 558 1830 n
610 1730 815 1794 Brundisium
831 1752 937 1796 comes
950 1742 1008 1796 aut
1024 1735 1214 1797 Surrentum
1229 1726 1331 1789 ductus
1343 1730 1472 1783 nmoeuuu,

489 1823 494 1832 ι
518 1821 523 1831 ⁸
560 1821 565 1830 Ι
610 1841 675 1908 Qui
690 1841 834 1924 queritur
848 1844 988 1908 salebras
1001 1852 1037 1908 et
1051 1842 1201 1908 acerbum
1214 1837 1309 1918 frigus
1320 1839 1349 1894 et
1363 1824 1459 1893 iulum

609 1956 677 2017 Aut
691 1953 804 2016 cistam
819 1953 982 2018 effractam
995 1963 1029 2018 et
1043 1953 1203 2018 subducta
1215 1945 1322 2011 viatim
1332 1939 1423 2023 ploni»

608 2063 698 2127 Note
711 2063 808 2126 refert
822 2064 998 2127 meretricis
1011 2064 1173 2138 acumina,
1188 2077 1265 2141 sepe
1277 2049 1410 2120 uuum,

610 2173 701 2255 Saepe
715 2173 930 2256 periscelidem
944 2183 1068 2257 raptam
1085 2174 1147 2238 sibi
1162 2169 1272 2244 flentis,
1285 2162 1329 2226 uti
1340 2175 1401 2221 11101

396 2297 440 2328 '⁶-
450 2285 475 2326 0·
484 2285 504 2326 ¹·
513 2287 545 2328 ³⁷·
556 2285 586 2325 ¹²
608 2283 709 2346 Nulla
723 2283 801 2346 fides
815 2282 941 2347 damnis
953 2284 1100 2366 verisque
1114 2279 1273 2347 doloribus
1285 2268 1366 2336 adsit

608 2395 678 2458 Nee
693 2395 791 2458 semel
804 2395 915 2460 irrisus
929 2397 1030 2459 triviis
1044 2398 1194 2460 attollere
1207 2395 1294 2456 euml

608 2503 723 2568 Fracto
737 2523 829 2567 crure
843 2505 983 2588 planum,
1000 2505 1075 2568 licet
1088 2506 1139 2568 illi
1156 2501 1288 2588 plurima
1298 2492 1393 2556 munel

608 2613 765 2690 Lacrima,
782 2635 837 2697 per
850 2623 997 2678 sunctum
1009 2616 1138 2696 juratus
1154 2614 1238 2678 dicet
1253 2603 1376 2672 Osirim:

609 2722 748 2800 Credite,
764 2743 828 2786 nou
846 2723 922 2786 ludo
930 2750 941 2801 ;
963 2724 1117 2802 crudeles,
1131 2724 1238 2789 tollite
1251 2711 1391 2781 claudum.

610 2840 725 2904 ΟΜ
739 2838 952 2920 peregrinum,
967 2838 1084 2902 u‘ciuia
1097 2861 1197 2905 rauca
1210 2833 1359 2900 reclamat·

1491 2032 1516 2091 55

1495 2577 1522 2637 60

1038 3266 1172 3331 XVIII.

609 3411 646 3474 Sr
662 3412 744 3476 bene
758 3421 792 3476 te
805 3413 888 3492 nori,
905 3421 1038 3490 metues,
1052 3413 1216 3479 liberrime
1232 3411 1322 3486 Lolli,

394 3554 439 3586 m.
450 3543 475 3585 n.
487 3545 504 3586 ι.
516 3545 546 3588 17.
557 3546 587 3586 u.
609 3520 791 3584 Scurruntis
805 3520 942 3604 speciem
955 3521 1107 3604 prebere,
1123 3523 1280 3605 professus
1294 3515 1423 3583 amicum.

608 3633 655 3695 Ut
669 3639 815 3696 matrona
830 3633 990 3696 meretrici
1004 3632 1111 3716 dispar
1123 3635 1185 3698 erit
1200 3645 1295 3719 atque

606 3741 760 3814 Discolor,
776 3743 874 3806 infido
889 3764 1005 3806 scnrrae
1019 3742 1150 3807 distabit
1165 3747 1294 3810 amicus.

606 3851 755 3916 Esthuic
769 3853 929 3918 diversum
943 3853 1022 3918 vitio
1035 3855 1149 3918 vitium
1164 3877 1261 3940 prupe
1275 3854 1380 3938 majus,

393 3989 436 4030 ue.
447 3987 468 4030 s.
478 3989 496 4031 1.
506 3991 525 4030 ε.
534 3991 567 4030 so,
605 3963 769 4044 Asperitas
784 3964 917 4046 agrestis
931 3971 965 4026 et
978 3964 1169 4027 inconcinna
1183 3969 1353 4050 gravisque,

607 4076 688 4140 Quae
703 4094 736 4136 se
751 4073 952 4136 commendat
965 4081 1059 4136 tonsa
1072 4084 1156 4152 cute,
1171 4075 1319 4140 dentibus
1333 4067 1408 4141 atris

604 4184 693 4248 Dum
708 4183 776 4246 vult
790 4182 920 4246 libertas
934 4182 997 4246 dici
1012 4204 1100 4246 mera
1114 4205 1250 4268 veraque
1264 4187 1370 4249 virtus.

605 4294 716 4356 Virtus
731 4301 779 4356 est
794 4292 934 4355 medium
948 4293 1100 4356 vitiorum
1113 4303 1147 4358 et
1161 4297 1323 4380 utrimque
1336 4288 1480 4358 reducum·

390 4425 435 4474 iai,
446 4425 467 4467 s.
478 4429 496 4471 1.
506 4431 525 4471 a.
535 4433 567 4472 ni.
603 4403 696 4466 Alter
710 4401 744 4463 in
758 4401 946 4482 obsequium
960 4402 1033 4484 plus
1048 4424 1140 4485 aequo
1153 4425 1273 4487 pronus
1287 4415 1320 4470 et
1334 4399 1386 4469 imi

388 4539 436 4582 aa.
446 4541 471 4582 Α,
483 4541 506 4584 p,
517 4545 562 4586 Ν,
602 4510 734 4574 Derisor
747 4509 821 4574 lecti
836 4510 881 4573 sie
896 4521 1013 4574 nutum
1028 4512 1135 4575 divitis
1149 4513 1267 4592 horret,

602 4619 656 4682 Sic
670 4617 764 4680 iterat
779 4631 871 4680 voces
885 4627 918 4680 ct
934 4619 1028 4684 verbs
1043 4621 1190 4686 cadentia
1204 4624 1301 4704 tollit,

1511 4364 1536 4430 10
