3450 5667
640 769 719 829 Alto
734 769 917 829 POETIOA.
1317 771 1373 826 255

253 937 358 1002 Multa
372 935 606 1001 diesetmulta
617 935 717 999 litura
730 935 873 1000 coercuit
887 941 983 1018 etque
1172 955 1355 999 5555115.

252 1049 432 1113 Perfectum
447 1047 551 1112 decies
565 1066 634 1110 555
647 1046 815 1130 castigavit
830 1045 871 1111 ad
886 1067 1039 1129 unguem.

178 1163 233 1223 295
253 1161 421 1244 Ingenium
436 1159 553 1222 misera
568 1157 644 1240 quia
655 1157 852 1221 fortunatius
874 1167 942 1224 arte
1172 1163 1216 1210 ¹⁹⁵·
1227 1157 1248 1198 ¹·
1259 1157 1277 1198 ¹¹
1287 1157 1307 1202 ⁴
1316 1159 1349 1200 ⁴³·

254 1271 359 1336 Credit
372 1279 407 1334 et
419 1269 561 1333 excludit
574 1289 668 1331 sanos
683 1267 841 1331 Helicone
855 1274 965 1350 poetas
1171 1283 1220 1316 Μ·
1230 1273 1256 1316 ¹³·
1266 1273 1287 1316 ¹·
1296 1274 1326 1316 ¹⁹·
1336 1277 1356 1318 ³·

252 1381 461 1458 Democritus,
475 1380 562 1444 bona
575 1401 649 1463 pm
663 1399 729 1441 nou
741 1399 866 1461 ungues
880 1398 997 1460 ponere
1012 1384 1114 1456 curat,

252 1492 326 1556 Non
338 1491 482 1570 barbam
497 1498 622 1554 secreta
635 1489 716 1573 petit
729 1489 811 1567 loca,
827 1489 941 1553 551555
954 1489 1044 1552 vitat.

252 1603 462 1666 Nancisoetnr
473 1601 561 1665 enim
575 1599 714 1684 pretinm
728 1619 910 1682 nomenque
924 1607 1037 1684 poetae,

180 1715 236 1776 300
254 1713 288 1776 Si
299 1713 403 1777 tribus
417 1711 581 1796 Anticyris
594 1723 691 1794 caput
704 1711 879 1775 insanabile
893 1732 1071 1794 numquam
1169 1720 1222 1764 151-
1232 1719 1253 1766 ⁸·
1263 1723 1282 1764 ²
1291 1723 1359 1814 ἦξε

253 1827 382 1890 Tonsori
398 1825 511 1890 Licino
525 1823 731 1888 commiserit.
775 1823 806 1887 0
821 1843 881 1906 ego
896 1823 1003 1899 laevus,
1346 1801 1351 1814 ⁸

255 1937 316 2002 Qui
329 1957 449 2020 purgor
462 1934 561 1999 bilem
575 1934 636 1998 sub
649 1933 740 1998 verni
754 1933 908 2016 temporis
922 1934 1034 1996 horem
1049 1932 1056 1996 l

253 2046 326 2110 Non
340 2046 421 2109 alins
434 2045 554 2108 faceret
567 2043 701 2108 meliora
713 2047 863 2127 podmata
875 2068 883 2107 :
904 2063 1016 2106 verum

254 2157 309 2220 Nil
322 2157 405 2220 15511
418 2165 478 2220 est.
522 2157 610 2238 Ergo
624 2154 741 2238 fungar
753 2154 822 2218 viee
836 2153 927 2231 cotis,
944 2161 1076 2217 acutum

183 2265 235 2328 305
255 2266 395 2332 Reddere
409 2266 614 2350 quaeferrum
627 2265 722 2343 velet,
737 2285 844 2329 exsors
858 2264 928 2348 ipsa
941 2263 1068 2328 secandi
1082 2290 1090 2340 3

254 2379 370 2442 Munus
384 2387 418 2443 et
431 2378 571 2442 officium
585 2376 633 2440 nil
646 2376 787 2440 scribens
801 2374 869 2458 ipse
884 2373 1015 2454 docebo,

256 2489 345 2555 Unde
359 2497 512 2573 parentur
524 2507 610 2570 opes,
626 2485 704 2569 quid
719 2486 785 2549 alat
797 2484 977 2568 formetque
992 2487 1119 2568 politam
1131 2509 1140 2561 ς

255 2600 338 2666 Quid
351 2600 475 2677 deceat,
489 2598 567 2682 quid
581 2618 669 2677 non,
692 2617 756 2680 quo
770 2595 883 2674 virtus,
894 2617 956 2679 qno
965 2595 1047 2660 ferat
1058 2616 1154 2660 error.

257 2710 416 2775 Scribeudi
429 2717 516 2773 recte
530 2728 640 2792 sapere
654 2714 750 2771 estet
764 2707 957 2790 principium
972 2714 1004 2770 et
1019 2707 1090 2770 fons
1104 2733 1111 2770 :

183 2821 237 2882 510
256 2821 333 2884 Rem
346 2822 408 2885 tibi
422 2819 594 2886 Socratieoe
609 2826 761 2902 poterunt
774 2817 941 2882 ostendere
956 2817 1086 2897 chartae,
1169 2849 1217 2894 soe.
1228 2851 1251 2892 ο,
1263 2853 1280 2894 ι,
1291 2853 1322 2892 ,a
1333 2853 1364 2894 η

255 2931 421 3016 Verbaque
435 2931 592 3015 provisam
607 2951 676 2994 rem
691 2951 757 2994 non
770 2929 873 2993 invite
887 2937 1070 3013 sequentur.
1229 2905 1352 2996 511111

256 3045 317 3110 Qui
329 3045 449 3120 didicit,
464 3044 576 3129 patriae
591 3042 668 3127 quid
682 3042 844 3107 1151155151
858 3042 936 3126 quid
950 3044 1069 3122 amicis,

256 3155 325 3222 Quo
338 3157 381 3220 sit
391 3177 500 3220 amore
510 3176 636 3240 parens,
647 3175 711 3238 qno
719 3155 817 3218 frater
825 3155 981 3218 amandus
990 3163 1022 3219 et
1031 3156 1155 3240 hospes,

215 3319 222 3330 .
255 3265 345 3332 Quod
359 3268 402 3331 sit
416 3265 599 3349 conscripti,
616 3264 701 3349 qnod
712 3265 831 3348 judicis
845 3265 994 3344 officinm,
1011 3287 1082 3351 qnae

184 3375 236 3436 015
255 3377 361 3441 Partes
374 3377 409 3440 in
424 3377 544 3441 bellum
559 3375 651 3440 missi
666 3375 766 3453 ducis,
781 3375 836 3440 ille
850 3376 992 3460 prolecto

256 3487 394 3552 Reddere
408 3508 550 3572 personne
564 3487 624 3550 scit
638 3486 860 3550 convenientia
875 3487 1000 3571 cuique.

256 3597 418 3681 Respicere
432 3597 592 3681 exemplar
605 3597 679 3660 vitae
694 3617 884 3679 morumque
896 3597 1017 3681 jubebo

254 3705 389 3772 Doctum
403 3707 597 3771 imitatorem
613 3717 646 3770 et
660 3706 747 3770 viem
760 3707 838 3771 hinc
852 3707 967 3772 ducere
982 3729 1083 3774 voces.

254 3815 417 3882 Interdum
432 3817 572 3902 speciosa
585 3817 665 3882 locis
679 3826 867 3901 morataque
881 3828 967 3884 recte
1071 3899 1073 3904 ,

183 3924 236 3984 320
254 3927 379 4008 Fabula,
394 3929 514 3992 nullius
528 3928 660 4006 veneris,
675 3929 745 3992 sine
758 3928 896 4013 pondere
910 3937 943 3994 et
958 3939 1035 4011 arte,
1165 3977 1219 4018 Μ,
1229 3966 1254 4009 q,
1264 3969 1283 4008 2,
1293 3969 1313 4008 2,
1323 3968 1367 4010 11„

254 4035 383 4102 Valdius
396 4038 538 4102 oblectet
552 4038 704 4122 populum
721 4037 895 4122 meliusque
911 4049 1056 4106 moratur

255 4148 357 4214 Quam
369 4171 479 4214 venans
492 4150 603 4233 inopes
617 4169 724 4212 rernm
739 4168 896 4234 nugaeque
911 4171 1046 4218 canorae.
1168 4185 1183 4216 s

255 4260 344 4324 Grais
357 4261 532 4345 ingenium,
549 4259 645 4326 Grais
660 4259 749 4324 dedit
763 4281 818 4324 ore
831 4262 971 4328 rotundo

253 4367 346 4434 Musa
357 4371 457 4455 loqui,
471 4379 586 4455 praeter
599 4369 726 4434 laudem
739 4371 859 4436 nullius
882 4375 992 4439 eratis.

185 4475 236 4538 325
255 4479 387 4546 Romani
400 4483 491 4567 pueri
505 4481 610 4564 longis
623 4481 801 4545 rationibus
815 4503 918 4547 assem

253 4589 385 4656 Discunt
397 4593 433 4656 in
445 4601 552 4678 partes
566 4600 697 4657 eentum
712 4593 871 4658 diducere.
917 4594 1014 4661 Dicat

205 4723 252 4772 294.
267 4732 432 4789 praecium,
451 4728 563 4776 deciens.
630 4727 688 4776 004.
706 4726 832 4776 11551151.
899 4729 956 4779 309.
975 4732 1123 4798 lsnperest.

455 4797 614 4842 01055155.
681 4795 738 4843 ³23.
758 4794 851 4843 Grniie.

1123 4875 1170 4925 ’12
