3450 5667
538 711 772 770 SATIRARUM
802 713 879 772 ΠΒ.
909 713 952 771 II.
987 713 1032 771 vii.
1326 717 1380 772 191

220 873 391 942 Contudit
405 875 566 954 moulon,
582 877 637 958 qui
651 897 758 960 prose
773 877 901 942 tolleret
914 885 1012 961 utque

222 989 384 1052 Mitteret
397 987 434 1050 iu
446 987 594 1070 phimum
608 987 701 1064 telos,
716 987 862 1052 meroede
877 987 994 1050 diuma

225 1099 441 1164 Conductum
456 1099 560 1182 pavit:
584 1105 705 1180 quanto
720 1099 918 1164 constantior
931 1098 1033 1162 isdem
1177 1138 1230 1179 μ.
1240 1127 1262 1169 s.
1272 1128 1291 1170 1.
1300 1129 1321 1169 u
1334 1127 1380 1171 ru.

224 1213 272 1276 In
287 1211 387 1288 vitiis,
404 1217 495 1272 tento
509 1209 608 1272 levius
622 1209 719 1272 miser
733 1230 770 1272 se
785 1209 872 1292 prior
885 1209 953 1287 illo,

149 1325 197 1386 20
226 1321 300 1388 Qui
311 1322 382 1403 jam
396 1326 558 1398 contento,
571 1319 640 1404 jum
655 1319 727 1382 laxo
740 1319 818 1382 fune
832 1319 969 1384 laboret.

225 1433 312 1495 Nou
328 1429 412 1493 dices
426 1429 521 1494 hodie
535 1450 686 1512 quorsum
700 1429 770 1496 hree
784 1439 850 1492 tom
865 1430 978 1513 putide
990 1430 1137 1510 tendunt,
1176 1459 1227 1508 pe.
1236 1457 1259 1498 s.
1268 1457 1288 1498 s
1297 1459 1317 1500 r
1326 1459 1359 1499 rt

227 1539 406 1606 Furcifer?
437 1539 491 1603 Ad
516 1547 559 1617 te,
584 1540 728 1622 inquom.
775 1541 850 1607 Quo
873 1549 979 1624 poeto,
1004 1543 1167 1625 pessime?

387 1651 515 1716 Laudas

228 1763 413 1827 Fortunam
427 1771 461 1826 et
474 1783 579 1825 mores
595 1761 735 1845 nntiquae
748 1761 860 1846 plebis,
876 1769 911 1825 et
923 1762 1022 1840 idem,

226 1875 267 1937 Si
284 1873 360 1956 quis
374 1872 414 1936 sd
427 1873 482 1936 illa
496 1871 575 1936 deus
589 1872 696 1937 subito
710 1880 744 1938 te
759 1879 846 1956 ngat,
861 1894 963 1956 usque
977 1893 1114 1951 recuses,
1181 1913 1213 1953 ,φ
1223 1901 1246 1943 s.
1255 1902 1276 1944 ι.
1285 1902 1305 1944 1.
1314 1903 1347 1944 ru

153 1992 199 2050 25
226 1988 302 2050 Aut
319 1984 395 2066 quia
408 2005 474 2046 non
488 1984 588 2046 sentis
602 1983 689 2066 quod
703 1983 821 2046 clamos
835 1984 955 2046 rectius
969 2005 1047 2061 esse,

223 2099 300 2160 Aut
316 2095 393 2177 quis
406 2115 470 2157 uon
485 2095 596 2157 firmus
611 2102 733 2158 rectum
750 2093 893 2158 defendis
906 2103 941 2158 et
956 2094 1059 2159 haeres

224 2205 441 2288 Nequiquam
455 2223 545 2267 oaeno
559 2204 692 2288 cupiens
708 2204 841 2269 evellere
855 2203 1012 2288 plantam.

223 2319 349 2382 Romae
362 2337 417 2378 rus
431 2323 542 2399 optss3
566 2315 730 2380 absentem
745 2315 886 2380 mutiens
900 2315 1015 2379 urbem
1182 2351 1215 2392 ,ι
1224 2347 1250 2388 2
1259 2349 1279 2390 1,
1287 2349 1307 2389 0,
1317 2349 1350 2392 u

223 2429 332 2494 Tollis
349 2427 387 2490 ad
404 2435 488 2490 nona
501 2428 589 2491 levis.
635 2428 670 2490 Si
685 2447 843 2509 nusquam
857 2448 893 2490 es
906 2427 990 2490 sorte
1003 2435 1135 2492 voeotns

154 2546 200 2604 30
223 2540 282 2606 Ad
297 2559 426 2616 oenum,
440 2538 552 2602 laudes
566 2559 712 2600 securum
727 2536 797 2600 olus
812 2558 859 2615 ao,
876 2537 964 2601 velut
981 2560 1117 2622 usquam

224 2651 374 2714 Vinctus
388 2671 450 2726 em,
466 2649 514 2711 ito
527 2655 561 2711 te
575 2648 699 2710 felioem
716 2647 795 2710 dieis
810 2668 972 2731 amesque,

224 2761 330 2829 Quod
346 2779 505 2842 nusquam
519 2757 581 2822 tibi
595 2757 638 2820 sit
652 2758 846 2841 potandum.
889 2760 1028 2824 iusserit
1041 2759 1084 2823 ed
1097 2782 1131 2824 se

223 2874 397 2937 Maeoenas
412 2891 518 2933 serum
534 2866 595 2931 sub
608 2868 732 2932 lumino
744 2869 849 2952 prims
862 2871 971 2934 venire
1182 2895 1234 2937 ιιι.
1243 2893 1269 2936 u
1279 2897 1299 2936 s
1308 2897 1328 2936 r.
1338 2897 1372 2937 ru

222 2983 426 3049 Convivam:
449 2981 579 3044 Nemou
593 2979 699 3043 oleum
713 2979 778 3042 fert
792 2981 905 3044 ocius?
927 2982 1037 3064 eequis

155 3099 199 3158 35
225 3092 365 3159 Audit?
387 3113 459 3155 oum
475 3111 594 3173 magno
608 3090 747 3154 blateras
761 3091 900 3155 elamore
914 3092 1072 3176 iugisque.

224 3203 378 3268 Mulvius
391 3209 425 3266 et
439 3223 556 3265 seunae
570 3201 632 3265 tibi
645 3222 712 3265 non
725 3201 891 3266 referendo
904 3204 1026 3286 precati
1181 3253 1227 3284 Μ,
1237 3241 1263 3284 Β,
1273 3243 1292 3284 1,
1302 3242 1334 3283 13,
1343 3242 1376 3286 ῃ,

224 3314 421 3380 Discedunt.
467 3313 599 3377 Etenim
613 3312 717 3376 fateor
731 3333 793 3390 me,
809 3312 926 3377 dixerit
939 3313 1005 3392 ille,

224 3427 317 3492 Dnci
331 3433 444 3490 ventre
457 3426 570 3501 levem,
585 3445 700 3486 nasum
715 3423 826 3488 nidore
841 3424 984 3508 supinor,

225 3536 429 3615 Imbecillus,
445 3536 540 3613 iners,
556 3535 584 3598 si
598 3533 677 3617 quid
691 3534 748 3612 vis,
765 3533 857 3612 adde,
873 3535 1015 3619 popin03

154 3651 200 3712 40
223 3649 280 3712 Tu
296 3667 373 3710 eum
387 3647 430 3710 sis
444 3645 529 3729 quod
543 3666 603 3728 ego
617 3655 651 3708 et
665 3645 808 3708 fortassis
823 3647 968 3729 nequior,
983 3647 1070 3711 ultro

222 3761 395 3824 Insectere
409 3758 496 3820 velut
511 3756 623 3820 melior
637 3755 804 3839 verbisque
820 3755 943 3820 deooris

223 3868 392 3935 Obvolvns
405 3867 544 3932 vitium?
568 3866 667 3944 Quid,
684 3867 711 3929 si
726 3887 778 3930 me
792 3867 922 3930 stultior
935 3867 1005 3950 ipso

224 3979 430 4062 Quingentis
444 3989 553 4061 empto
569 3975 730 4040 drachmis
744 3976 975 4059 deprenderis?
1020 3978 1125 4044 Aufer

223 4093 288 4156 Me
303 4091 397 4153 vultu
411 4099 550 4167 terrere3
574 4109 708 4151 manum
723 4087 989 4171 stomachumque
1004 4097 1126 4166 teneto,

154 4209 197 4268 45
223 4205 320 4268 Dum
336 4221 409 4283 que
424 4199 562 4282 Crispini
576 4198 686 4262 docuit
701 4218 753 4260 me
765 4197 888 4279 janitor
901 4197 971 4264 edo.
1182 4226 1230 4268 cn,
1240 4225 1262 4266 s,
1272 4225 1291 4267 ι,
1301 4227 1320 4268 ι,
1331 4229 1376 4270 m.

222 4315 272 4380 Te
289 4311 410 4394 ooujux
426 4309 530 4374 alieno
544 4308 640 4393 eupit,
656 4307 860 4372 meretricrde
875 4309 1021 4371 Davum:

221 4427 348 4490 Peecot
363 4429 437 4484 nter
450 4428 598 4484 nostrum
613 4439 706 4482 eruce
721 4417 875 4501 diguiuss
919 4417 1014 4483 Aeris
1027 4415 1086 4480 ubi
1095 4436 1149 4480 me

219 4537 359 4600 Nature
375 4529 526 4609 intendit,
542 4529 603 4594 sub
619 4529 705 4594 olera
718 4528 806 4592 nudo
818 4528 951 4592 lucerna

200 4709 245 4759 27.
265 4706 453 4768 nequicquam,
465 4703 648 4766 nequidquam.
715 4703 763 4750 dt·
774 4701 851 4750 seret.
918 4699 959 4748 ³5.
976 4697 1100 4760 iurisque.

1140 4814 1161 4863 P
1170 4816 1188 4864 2
