<?xml version="1.0" encoding="UTF-8"?>
<!DOCTYPE html PUBLIC "-//W3C//DTD XHTML 1.0 Transitional//EN"
    "http://www.w3.org/TR/xhtml1/DTD/xhtml1-transitional.dtd">
<html xmlns="http://www.w3.org/1999/xhtml" xml:lang="en" lang="en">
 <head>
  <title>
</title>
<meta http-equiv="Content-Type" content="text/html;charset=utf-8" />
  <meta name='ocr-system' content='tesseract 3.04.00' />
  <meta name='ocr-capabilities' content='ocr_page ocr_carea ocr_par ocr_line ocrx_word'/>
</head>
<body>
  <div class='ocr_page' id='page_1' title='image "./quintihoratifla01horagoog_0241.png"; bbox 0 0 3450 5667; ppageno 0'>
   <div class='ocr_carea' id='block_1_1' title="bbox 483 764 999 825">
    <p class='ocr_par' dir='ltr' id='par_1_1' title="bbox 483 764 999 825">
     <span class='ocr_line' id='line_1_1' title="bbox 483 764 999 825; baseline 0 -3"><span class='ocrx_word' id='word_1_1' title='bbox 483 765 769 825; x_wconf 75' lang='lat' dir='ltr'><em>EPISTULARUM</em></span> <span class='ocrx_word' id='word_1_2' title='bbox 805 767 883 823; x_wconf 69' lang='grc' dir='ltr'>[ΑΒ.</span> <span class='ocrx_word' id='word_1_3' title='bbox 911 766 940 824; x_wconf 92' lang='grc' dir='ltr'>Ι.</span> <span class='ocrx_word' id='word_1_4' title='bbox 970 764 999 822; x_wconf 92' lang='lat' dir='ltr'>ii.</span> 
     </span>
    </p>
   </div>
   <div class='ocr_carea' id='block_1_2' title="bbox 148 929 1340 1348">
    <p class='ocr_par' dir='ltr' id='par_1_2' title="bbox 148 929 1340 1348">
     <span class='ocr_line' id='line_1_2' title="bbox 201 929 1049 1014; baseline -0.002 -20"><span class='ocrx_word' id='word_1_5' title='bbox 201 931 367 994; x_wconf 80' lang='lat' dir='ltr'><strong>Rusticus</strong></span> <span class='ocrx_word' id='word_1_6' title='bbox 382 939 555 1014; x_wconf 82' lang='lat' dir='ltr'>exspectat,</span> <span class='ocrx_word' id='word_1_7' title='bbox 571 931 648 995; x_wconf 89' lang='lat' dir='ltr'>dum</span> <span class='ocrx_word' id='word_1_8' title='bbox 664 931 783 995; x_wconf 85' lang='lat' dir='ltr'>defluat</span> <span class='ocrx_word' id='word_1_9' title='bbox 798 931 923 1008; x_wconf 76' lang='lat' dir='ltr'>amnis3</span> <span class='ocrx_word' id='word_1_10' title='bbox 946 938 980 993; x_wconf 87' lang='lat' dir='ltr'>at</span> <span class='ocrx_word' id='word_1_11' title='bbox 994 929 1049 992; x_wconf 91' lang='lat' dir='ltr'>ille</span> 
     </span>
     <span class='ocr_line' id='line_1_3' title="bbox 201 1041 990 1105; baseline -0.003 -1"><span class='ocrx_word' id='word_1_12' title='bbox 201 1041 349 1104; x_wconf 85' lang='lat' dir='ltr'>Labitur</span> <span class='ocrx_word' id='word_1_13' title='bbox 363 1049 397 1104; x_wconf 89' lang='lat' dir='ltr'>et</span> <span class='ocrx_word' id='word_1_14' title='bbox 411 1041 539 1105; x_wconf 84' lang='lat' dir='ltr'>labetur</span> <span class='ocrx_word' id='word_1_15' title='bbox 553 1041 588 1104; x_wconf 89' lang='lat' dir='ltr'>in</span> <span class='ocrx_word' id='word_1_16' title='bbox 602 1061 696 1104; x_wconf 90' lang='lat' dir='ltr'>omne</span> <span class='ocrx_word' id='word_1_17' title='bbox 712 1041 859 1104; x_wconf 86' lang='lat' dir='ltr'>volubilis</span> <span class='ocrx_word' id='word_1_18' title='bbox 875 1061 990 1104; x_wconf 83' lang='lat' dir='ltr'>aevum.</span> 
     </span>
     <span class='ocr_line' id='line_1_4' title="bbox 203 1149 1017 1235; baseline -0.005 -18"><span class='ocrx_word' id='word_1_19' title='bbox 203 1153 379 1218; x_wconf 80' lang='lat' dir='ltr'>Quaeritur</span> <span class='ocrx_word' id='word_1_20' title='bbox 393 1159 563 1234; x_wconf 78' lang='lat' dir='ltr'>argentum</span> <span class='ocrx_word' id='word_1_21' title='bbox 579 1152 747 1235; x_wconf 88' lang='lat' dir='ltr'>puerisque</span> <span class='ocrx_word' id='word_1_22' title='bbox 761 1151 857 1214; x_wconf 85' lang='lat' dir='ltr'>beata</span> <span class='ocrx_word' id='word_1_23' title='bbox 871 1149 1017 1214; x_wconf 74' lang='lat' dir='ltr'>amandis</span> 
     </span>
     <span class='ocr_line' id='line_1_5' title="bbox 148 1263 1340 1348; baseline 0.003 -22"><span class='ocrx_word' id='word_1_24' title='bbox 148 1268 181 1326; x_wconf 68' lang='lat'>45</span> <span class='ocrx_word' id='word_1_25' title='bbox 204 1265 312 1342; x_wconf 84' lang='lat' dir='ltr'>Uxor,</span> <span class='ocrx_word' id='word_1_26' title='bbox 330 1272 364 1328; x_wconf 90' lang='lat' dir='ltr'>et</span> <span class='ocrx_word' id='word_1_27' title='bbox 378 1265 509 1328; x_wconf 82' lang='lat' dir='ltr'>incultae</span> <span class='ocrx_word' id='word_1_28' title='bbox 524 1272 680 1348; x_wconf 82' lang='lat' dir='ltr'><strong>pacantur</strong></span> <span class='ocrx_word' id='word_1_29' title='bbox 693 1283 821 1326; x_wconf 85' lang='lat' dir='ltr'>vomere</span> <span class='ocrx_word' id='word_1_30' title='bbox 836 1263 943 1326; x_wconf 71' lang='lat' dir='ltr'>silva:</span> <span class='ocrx_word' id='word_1_31' title='bbox 1159 1297 1192 1340; x_wconf 78' lang='lat'>⁴5-</span> <span class='ocrx_word' id='word_1_32' title='bbox 1202 1289 1228 1328; x_wconf 82' lang='lat' dir='ltr'>r.</span> <span class='ocrx_word' id='word_1_33' title='bbox 1237 1290 1257 1328; x_wconf 71' lang='grc' dir='ltr'>ι.</span> <span class='ocrx_word' id='word_1_34' title='bbox 1266 1290 1286 1329; x_wconf 79' lang='lat'>2.</span> <span class='ocrx_word' id='word_1_35' title='bbox 1296 1289 1340 1330; x_wconf 74' lang='lat' dir='ltr'>iss.</span> 
     </span>
    </p>
   </div>
   <div class='ocr_carea' id='block_1_3' title="bbox 208 1339 1340 1456">
    <p class='ocr_par' dir='ltr' id='par_1_3' title="bbox 208 1339 1340 1456">
     <span class='ocr_line' id='line_1_6' title="bbox 208 1339 1340 1456; baseline -0.008 -17"><span class='ocrx_word' id='word_1_36' title='bbox 208 1374 307 1440; x_wconf 80' lang='lat' dir='ltr'>Quod</span> <span class='ocrx_word' id='word_1_37' title='bbox 323 1375 401 1438; x_wconf 87' lang='lat' dir='ltr'>satis</span> <span class='ocrx_word' id='word_1_38' title='bbox 417 1383 466 1438; x_wconf 87' lang='lat' dir='ltr'>est</span> <span class='ocrx_word' id='word_1_39' title='bbox 480 1374 532 1438; x_wconf 91' lang='lat' dir='ltr'>cui</span> <span class='ocrx_word' id='word_1_40' title='bbox 548 1374 716 1456; x_wconf 82' lang='lat' dir='ltr'>contingit,</span> <span class='ocrx_word' id='word_1_41' title='bbox 732 1373 815 1436; x_wconf 89' lang='lat' dir='ltr'><strong>nihil</strong></span> <span class='ocrx_word' id='word_1_42' title='bbox 829 1372 967 1456; x_wconf 86' lang='lat' dir='ltr'>amplius</span> <span class='ocrx_word' id='word_1_43' title='bbox 980 1378 1080 1454; x_wconf 83' lang='lat' dir='ltr'>optet.</span> <span class='ocrx_word' id='word_1_44' title='bbox 1160 1345 1192 1389; x_wconf 72' lang='lat'>‘⁶&#39;</span> <span class='ocrx_word' id='word_1_45' title='bbox 1202 1339 1226 1380; x_wconf 55' lang='grc' dir='ltr'>θ’</span> <span class='ocrx_word' id='word_1_46' title='bbox 1236 1344 1255 1379; x_wconf 76' lang='lat'>³&#39;</span> <span class='ocrx_word' id='word_1_47' title='bbox 1266 1341 1340 1430; x_wconf 55' lang='lat' dir='ltr'>iiiii.</span> 
     </span>
    </p>
   </div>
   <div class='ocr_carea' id='block_1_4' title="bbox 153 1440 1358 2142">
    <p class='ocr_par' dir='ltr' id='par_1_4' title="bbox 207 1440 1358 1789">
     <span class='ocr_line' id='line_1_7' title="bbox 207 1440 1358 1561; baseline -0.006 -13"><span class='ocrx_word' id='word_1_48' title='bbox 207 1485 286 1549; x_wconf 87' lang='lat' dir='ltr'>Non</span> <span class='ocrx_word' id='word_1_49' title='bbox 302 1485 421 1548; x_wconf 82' lang='lat' dir='ltr'>domus</span> <span class='ocrx_word' id='word_1_50' title='bbox 434 1493 467 1548; x_wconf 86' lang='lat' dir='ltr'>et</span> <span class='ocrx_word' id='word_1_51' title='bbox 481 1483 610 1561; x_wconf 81' lang='lat' dir='ltr'>fundus,</span> <span class='ocrx_word' id='word_1_52' title='bbox 627 1505 692 1547; x_wconf 90' lang='lat' dir='ltr'>non</span> <span class='ocrx_word' id='word_1_53' title='bbox 707 1483 778 1547; x_wconf 84' lang='lat' dir='ltr'>aeris</span> <span class='ocrx_word' id='word_1_54' title='bbox 794 1505 925 1547; x_wconf 85' lang='lat' dir='ltr'>acervus</span> <span class='ocrx_word' id='word_1_55' title='bbox 938 1494 972 1547; x_wconf 88' lang='lat' dir='ltr'>et</span> <span class='ocrx_word' id='word_1_56' title='bbox 986 1482 1056 1545; x_wconf 90' lang='lat' dir='ltr'>auri</span> <span class='ocrx_word' id='word_1_57' title='bbox 1159 1440 1327 1541; x_wconf 50' lang='lat' dir='ltr'>iifffiiii</span> <span class='ocrx_word' id='word_1_58' title='bbox 1337 1442 1358 1480; x_wconf 41' lang='grc' dir='ltr'>ι</span> 
     </span>
     <span class='ocr_line' id='line_1_8' title="bbox 209 1595 908 1678; baseline -0.004 -17"><span class='ocrx_word' id='word_1_59' title='bbox 209 1597 349 1678; x_wconf 81' lang='lat' dir='ltr'>AEgroto</span> <span class='ocrx_word' id='word_1_60' title='bbox 363 1595 484 1660; x_wconf 91' lang='lat' dir='ltr'>domini</span> <span class='ocrx_word' id='word_1_61' title='bbox 499 1595 633 1659; x_wconf 85' lang='lat' dir='ltr'>deduxit</span> <span class='ocrx_word' id='word_1_62' title='bbox 647 1616 778 1678; x_wconf 85' lang='lat' dir='ltr'>corpore</span> <span class='ocrx_word' id='word_1_63' title='bbox 791 1595 908 1674; x_wconf 76' lang='lat' dir='ltr'>febres,</span> 
     </span>
     <span class='ocr_line' id='line_1_9' title="bbox 208 1705 1016 1789; baseline -0.004 -19"><span class='ocrx_word' id='word_1_64' title='bbox 208 1707 288 1770; x_wconf 78' lang='lat' dir='ltr'>Non</span> <span class='ocrx_word' id='word_1_65' title='bbox 303 1707 414 1770; x_wconf 90' lang='lat' dir='ltr'>animo</span> <span class='ocrx_word' id='word_1_66' title='bbox 427 1727 530 1770; x_wconf 83' lang='lat' dir='ltr'>curas.</span> <span class='ocrx_word' id='word_1_67' title='bbox 575 1705 691 1768; x_wconf 81' lang='lat' dir='ltr'><strong>Valeat</strong></span> <span class='ocrx_word' id='word_1_68' title='bbox 705 1725 866 1789; x_wconf 77' lang='lat' dir='ltr'>possessor</span> <span class='ocrx_word' id='word_1_69' title='bbox 879 1713 1016 1789; x_wconf 85' lang='lat' dir='ltr'>oportet,</span> 
     </span>
    </p>

    <p class='ocr_par' dir='ltr' id='par_1_5' title="bbox 153 1816 1347 2142">
     <span class='ocr_line' id='line_1_10' title="bbox 153 1816 1346 1901; baseline -0.002 -23"><span class='ocrx_word' id='word_1_70' title='bbox 153 1821 192 1880; x_wconf 87' lang='lat'>50</span> <span class='ocrx_word' id='word_1_71' title='bbox 214 1819 249 1880; x_wconf 88' lang='lat' dir='ltr'>Si</span> <span class='ocrx_word' id='word_1_72' title='bbox 263 1817 473 1901; x_wconf 84' lang='lat' dir='ltr'>comportatis</span> <span class='ocrx_word' id='word_1_73' title='bbox 485 1816 583 1880; x_wconf 85' lang='lat' dir='ltr'>rebus</span> <span class='ocrx_word' id='word_1_74' title='bbox 596 1816 678 1879; x_wconf 88' lang='lat' dir='ltr'>bene</span> <span class='ocrx_word' id='word_1_75' title='bbox 692 1817 813 1899; x_wconf 81' lang='lat' dir='ltr'><strong>cogitat</strong></span> <span class='ocrx_word' id='word_1_76' title='bbox 827 1816 887 1879; x_wconf 84' lang='lat' dir='ltr'>uti.</span> <span class='ocrx_word' id='word_1_77' title='bbox 1161 1836 1346 1887; x_wconf 65' lang='lat' dir='ltr'>..assam</span> 
     </span>
     <span class='ocr_line' id='line_1_11' title="bbox 215 1925 1346 2010; baseline -0.002 -18"><span class='ocrx_word' id='word_1_78' title='bbox 215 1927 278 1993; x_wconf 81' lang='lat' dir='ltr'>Qui</span> <span class='ocrx_word' id='word_1_79' title='bbox 293 1927 384 2010; x_wconf 85' lang='lat' dir='ltr'>cupit</span> <span class='ocrx_word' id='word_1_80' title='bbox 398 1933 455 1988; x_wconf 88' lang='lat' dir='ltr'>aut</span> <span class='ocrx_word' id='word_1_81' title='bbox 469 1925 597 2004; x_wconf 86' lang='lat' dir='ltr'>metuit,</span> <span class='ocrx_word' id='word_1_82' title='bbox 611 1927 704 2008; x_wconf 87' lang='lat' dir='ltr'>juvat</span> <span class='ocrx_word' id='word_1_83' title='bbox 718 1926 809 1989; x_wconf 91' lang='lat' dir='ltr'>illum</span> <span class='ocrx_word' id='word_1_84' title='bbox 824 1927 870 1988; x_wconf 85' lang='lat' dir='ltr'>sic</span> <span class='ocrx_word' id='word_1_85' title='bbox 884 1925 1000 1989; x_wconf 90' lang='lat' dir='ltr'>domus</span> <span class='ocrx_word' id='word_1_86' title='bbox 1014 1933 1047 1989; x_wconf 90' lang='lat' dir='ltr'>et</span> <span class='ocrx_word' id='word_1_87' title='bbox 1060 1945 1122 2002; x_wconf 74' lang='lat' dir='ltr'>res,</span> <span class='ocrx_word' id='word_1_88' title='bbox 1162 1964 1211 2004; x_wconf 66' lang='lat' dir='ltr'>ap.</span> <span class='ocrx_word' id='word_1_89' title='bbox 1221 1952 1246 1991; x_wconf 85' lang='lat' dir='ltr'>a.</span> <span class='ocrx_word' id='word_1_90' title='bbox 1258 1953 1276 1992; x_wconf 89' lang='lat'>1.</span> <span class='ocrx_word' id='word_1_91' title='bbox 1285 1953 1305 1991; x_wconf 77' lang='lat' dir='ltr'>a.</span> <span class='ocrx_word' id='word_1_92' title='bbox 1315 1953 1346 1990; x_wconf 82' lang='lat'>12.</span> 
     </span>
     <span class='ocr_line' id='line_1_12' title="bbox 214 2036 1347 2142; baseline -0.009 -42"><span class='ocrx_word' id='word_1_93' title='bbox 214 2039 261 2101; x_wconf 85' lang='lat' dir='ltr'>Ut</span> <span class='ocrx_word' id='word_1_94' title='bbox 276 2038 402 2122; x_wconf 89' lang='lat' dir='ltr'>lippum</span> <span class='ocrx_word' id='word_1_95' title='bbox 417 2037 510 2120; x_wconf 81' lang='lat' dir='ltr'>pictae</span> <span class='ocrx_word' id='word_1_96' title='bbox 524 2036 654 2114; x_wconf 74' lang='lat' dir='ltr'>tabula,</span> <span class='ocrx_word' id='word_1_97' title='bbox 670 2036 814 2100; x_wconf 80' lang='lat' dir='ltr'>fomenta</span> <span class='ocrx_word' id='word_1_98' title='bbox 828 2036 1016 2120; x_wconf 80' lang='lat' dir='ltr'>podagrum,</span> <span class='ocrx_word' id='word_1_99' title='bbox 1159 2052 1305 2142; x_wconf 51' lang='lat' dir='ltr'>smssp&#39;ln&#39;</span> <span class='ocrx_word' id='word_1_100' title='bbox 1317 2052 1347 2090; x_wconf 87' lang='lat'>17.</span> 
     </span>
    </p>
   </div>
   <div class='ocr_carea' id='block_1_5' title="bbox 214 2104 1350 2212">
    <p class='ocr_par' dir='ltr' id='par_1_6' title="bbox 214 2104 1350 2212">
     <span class='ocr_line' id='line_1_13' title="bbox 214 2104 1350 2212; baseline -0.002 -2"><span class='ocrx_word' id='word_1_101' title='bbox 214 2149 385 2211; x_wconf 79' lang='lat' dir='ltr'>Anriculus</span> <span class='ocrx_word' id='word_1_102' title='bbox 400 2147 531 2212; x_wconf 88' lang='lat' dir='ltr'>citharae</span> <span class='ocrx_word' id='word_1_103' title='bbox 547 2147 679 2211; x_wconf 82' lang='lat' dir='ltr'>collecta</span> <span class='ocrx_word' id='word_1_104' title='bbox 694 2147 786 2211; x_wconf 88' lang='lat' dir='ltr'>sorde</span> <span class='ocrx_word' id='word_1_105' title='bbox 802 2147 958 2211; x_wconf 84' lang='lat' dir='ltr'>dolentes.</span> <span class='ocrx_word' id='word_1_106' title='bbox 1275 2105 1309 2142; x_wconf 54' lang='lat'>‘⁴&#39;</span> <span class='ocrx_word' id='word_1_107' title='bbox 1319 2104 1350 2142; x_wconf 46' lang='lat' dir='ltr'>a</span> 
     </span>
    </p>
   </div>
   <div class='ocr_carea' id='block_1_6' title="bbox 161 2257 1338 2566">
    <p class='ocr_par' dir='ltr' id='par_1_7' title="bbox 161 2257 1338 2566">
     <span class='ocr_line' id='line_1_14' title="bbox 217 2257 1338 2341; baseline -0.008 -21"><span class='ocrx_word' id='word_1_108' title='bbox 217 2259 385 2322; x_wconf 89' lang='lat' dir='ltr'>Sincerum</span> <span class='ocrx_word' id='word_1_109' title='bbox 401 2267 449 2322; x_wconf 84' lang='lat' dir='ltr'>est</span> <span class='ocrx_word' id='word_1_110' title='bbox 463 2258 526 2322; x_wconf 83' lang='lat' dir='ltr'>nisi</span> <span class='ocrx_word' id='word_1_111' title='bbox 537 2279 601 2336; x_wconf 80' lang='lat' dir='ltr'>ras,</span> <span class='ocrx_word' id='word_1_112' title='bbox 613 2257 837 2341; x_wconf 89' lang='lat' dir='ltr'>quodcumque</span> <span class='ocrx_word' id='word_1_113' title='bbox 851 2257 1004 2335; x_wconf 82' lang='lat' dir='ltr'>infundis,</span> <span class='ocrx_word' id='word_1_114' title='bbox 1020 2257 1147 2320; x_wconf 80' lang='lat' dir='ltr'>acescit.</span> <span class='ocrx_word' id='word_1_115' title='bbox 1161 2276 1204 2316; x_wconf 64' lang='lat' dir='ltr'>aa.</span> <span class='ocrx_word' id='word_1_116' title='bbox 1216 2274 1238 2314; x_wconf 86' lang='lat' dir='ltr'>s.</span> <span class='ocrx_word' id='word_1_117' title='bbox 1248 2275 1267 2313; x_wconf 90' lang='lat'>1.</span> <span class='ocrx_word' id='word_1_118' title='bbox 1277 2275 1296 2313; x_wconf 80' lang='lat' dir='ltr'>a.</span> <span class='ocrx_word' id='word_1_119' title='bbox 1306 2275 1338 2312; x_wconf 75' lang='grc' dir='ltr'>ω.</span> 
     </span>
     <span class='ocr_line' id='line_1_15' title="bbox 161 2368 1326 2454; baseline 0.001 -25"><span class='ocrx_word' id='word_1_120' title='bbox 161 2373 195 2430; x_wconf 83' lang='grc'>55</span> <span class='ocrx_word' id='word_1_121' title='bbox 218 2371 337 2453; x_wconf 83' lang='lat' dir='ltr'>Sperne</span> <span class='ocrx_word' id='word_1_122' title='bbox 352 2369 531 2454; x_wconf 82' lang='lat' dir='ltr'>voluptates</span> <span class='ocrx_word' id='word_1_123' title='bbox 543 2395 553 2448; x_wconf 88' lang='lat'>;</span> <span class='ocrx_word' id='word_1_124' title='bbox 576 2376 670 2432; x_wconf 87' lang='lat' dir='ltr'>nocet</span> <span class='ocrx_word' id='word_1_125' title='bbox 684 2376 792 2452; x_wconf 87' lang='lat' dir='ltr'>empta</span> <span class='ocrx_word' id='word_1_126' title='bbox 805 2368 913 2432; x_wconf 88' lang='lat' dir='ltr'>dolore</span> <span class='ocrx_word' id='word_1_127' title='bbox 927 2369 1083 2452; x_wconf 83' lang='lat' dir='ltr'>voluptas.</span> <span class='ocrx_word' id='word_1_128' title='bbox 1164 2401 1194 2443; x_wconf 66' lang='lat'>35.</span> <span class='ocrx_word' id='word_1_129' title='bbox 1206 2391 1227 2432; x_wconf 86' lang='lat' dir='ltr'>s.</span> <span class='ocrx_word' id='word_1_130' title='bbox 1237 2391 1256 2430; x_wconf 86' lang='lat'>1.</span> <span class='ocrx_word' id='word_1_131' title='bbox 1265 2391 1284 2428; x_wconf 83' lang='lat'>2.</span> <span class='ocrx_word' id='word_1_132' title='bbox 1294 2390 1326 2430; x_wconf 74' lang='lat' dir='ltr'>aa.</span> 
     </span>
     <span class='ocr_line' id='line_1_16' title="bbox 219 2480 1334 2566; baseline -0.001 -22"><span class='ocrx_word' id='word_1_133' title='bbox 219 2482 350 2566; x_wconf 86' lang='lat' dir='ltr'>Semper</span> <span class='ocrx_word' id='word_1_134' title='bbox 364 2502 477 2544; x_wconf 84' lang='lat' dir='ltr'>avarus</span> <span class='ocrx_word' id='word_1_135' title='bbox 492 2487 565 2562; x_wconf 86' lang='lat' dir='ltr'>eget</span> <span class='ocrx_word' id='word_1_136' title='bbox 573 2506 584 2556; x_wconf 83' lang='lat'>3</span> <span class='ocrx_word' id='word_1_137' title='bbox 607 2486 731 2543; x_wconf 83' lang='lat' dir='ltr'>certum</span> <span class='ocrx_word' id='word_1_138' title='bbox 744 2487 820 2543; x_wconf 83' lang='lat' dir='ltr'>voto</span> <span class='ocrx_word' id='word_1_139' title='bbox 834 2488 907 2564; x_wconf 87' lang='lat' dir='ltr'>pete</span> <span class='ocrx_word' id='word_1_140' title='bbox 921 2480 1028 2544; x_wconf 88' lang='lat' dir='ltr'>finem.</span> <span class='ocrx_word' id='word_1_141' title='bbox 1158 2507 1201 2559; x_wconf 61' lang='lat' dir='ltr'>s..</span> <span class='ocrx_word' id='word_1_142' title='bbox 1212 2507 1233 2546; x_wconf 89' lang='lat' dir='ltr'>s.</span> <span class='ocrx_word' id='word_1_143' title='bbox 1243 2505 1262 2546; x_wconf 80' lang='grc' dir='ltr'>ι,</span> <span class='ocrx_word' id='word_1_144' title='bbox 1272 2505 1291 2544; x_wconf 89' lang='lat'>1.</span> <span class='ocrx_word' id='word_1_145' title='bbox 1301 2505 1334 2544; x_wconf 78' lang='lat' dir='ltr'>u.</span> 
     </span>
    </p>
   </div>
   <div class='ocr_carea' id='block_1_7' title="bbox 219 2590 1339 2785">
    <p class='ocr_par' dir='ltr' id='par_1_8' title="bbox 219 2590 1339 2785">
     <span class='ocr_line' id='line_1_17' title="bbox 219 2590 1339 2676; baseline 0 -22"><span class='ocrx_word' id='word_1_146' title='bbox 219 2592 350 2656; x_wconf 79' lang='lat' dir='ltr'>Invidus</span> <span class='ocrx_word' id='word_1_147' title='bbox 364 2591 495 2654; x_wconf 85' lang='lat' dir='ltr'>alterins</span> <span class='ocrx_word' id='word_1_148' title='bbox 509 2591 676 2654; x_wconf 84' lang='lat' dir='ltr'>macrescit</span> <span class='ocrx_word' id='word_1_149' title='bbox 689 2590 786 2654; x_wconf 88' lang='lat' dir='ltr'>rebus</span> <span class='ocrx_word' id='word_1_150' title='bbox 799 2591 933 2674; x_wconf 90' lang='lat' dir='ltr'>opimis;</span> <span class='ocrx_word' id='word_1_151' title='bbox 1164 2633 1195 2676; x_wconf 52' lang='grc'>5,,</span> <span class='ocrx_word' id='word_1_152' title='bbox 1206 2622 1226 2662; x_wconf 75' lang='lat' dir='ltr'>s,</span> <span class='ocrx_word' id='word_1_153' title='bbox 1237 2623 1256 2662; x_wconf 81' lang='lat'>1,</span> <span class='ocrx_word' id='word_1_154' title='bbox 1266 2622 1285 2661; x_wconf 71' lang='grc' dir='ltr'>ι,</span> <span class='ocrx_word' id='word_1_155' title='bbox 1295 2621 1339 2660; x_wconf 78' lang='grc' dir='ltr'>ιιι,</span> 
     </span>
     <span class='ocr_line' id='line_1_18' title="bbox 222 2701 848 2785; baseline 0 -21"><span class='ocrx_word' id='word_1_156' title='bbox 222 2701 346 2766; x_wconf 78' lang='lat' dir='ltr'>luridis</span> <span class='ocrx_word' id='word_1_157' title='bbox 362 2701 462 2767; x_wconf 88' lang='lat' dir='ltr'>Siculi</span> <span class='ocrx_word' id='word_1_158' title='bbox 476 2722 542 2764; x_wconf 92' lang='lat' dir='ltr'>nou</span> <span class='ocrx_word' id='word_1_159' title='bbox 556 2701 704 2765; x_wconf 88' lang='lat' dir='ltr'>invenere</span> <span class='ocrx_word' id='word_1_160' title='bbox 719 2701 848 2785; x_wconf 87' lang='lat' dir='ltr'>tyranni</span> 
     </span>
    </p>
   </div>
   <div class='ocr_carea' id='block_1_8' title="bbox 168 2811 1345 4230">
    <p class='ocr_par' dir='ltr' id='par_1_9' title="bbox 168 2811 1345 4230">
     <span class='ocr_line' id='line_1_19' title="bbox 223 2811 1051 2894; baseline 0.002 -20"><span class='ocrx_word' id='word_1_161' title='bbox 223 2811 331 2894; x_wconf 84' lang='lat' dir='ltr'>Majus</span> <span class='ocrx_word' id='word_1_162' title='bbox 346 2819 556 2876; x_wconf 69' lang='lat' dir='ltr'>tormenttm</span> <span class='ocrx_word' id='word_1_163' title='bbox 602 2811 669 2878; x_wconf 77' lang='lat' dir='ltr'>Qui</span> <span class='ocrx_word' id='word_1_164' title='bbox 683 2832 749 2874; x_wconf 92' lang='lat' dir='ltr'>uon</span> <span class='ocrx_word' id='word_1_165' title='bbox 763 2811 981 2875; x_wconf 78' lang='lat' dir='ltr'>moderabitur</span> <span class='ocrx_word' id='word_1_166' title='bbox 994 2812 1051 2876; x_wconf 84' lang='lat' dir='ltr'>irae</span> 
     </span>
     <span class='ocr_line' id='line_1_20' title="bbox 168 2923 1096 3006; baseline 0.001 -21"><span class='ocrx_word' id='word_1_167' title='bbox 168 2923 204 2985; x_wconf 81' lang='lat'>60</span> <span class='ocrx_word' id='word_1_168' title='bbox 224 2923 383 2988; x_wconf 82' lang='lat' dir='ltr'>Infectum</span> <span class='ocrx_word' id='word_1_169' title='bbox 397 2924 482 2987; x_wconf 80' lang='lat' dir='ltr'>volet</span> <span class='ocrx_word' id='word_1_170' title='bbox 497 2944 575 2996; x_wconf 86' lang='lat' dir='ltr'>esse,</span> <span class='ocrx_word' id='word_1_171' title='bbox 590 2923 680 2987; x_wconf 91' lang='lat' dir='ltr'>dolor</span> <span class='ocrx_word' id='word_1_172' title='bbox 694 2923 779 3006; x_wconf 92' lang='lat' dir='ltr'>quod</span> <span class='ocrx_word' id='word_1_173' title='bbox 793 2923 928 2986; x_wconf 76' lang='lat' dir='ltr'>suaserit</span> <span class='ocrx_word' id='word_1_174' title='bbox 942 2932 976 2987; x_wconf 89' lang='lat' dir='ltr'>et</span> <span class='ocrx_word' id='word_1_175' title='bbox 994 2945 1096 3002; x_wconf 86' lang='lat' dir='ltr'>meus,</span> 
     </span>
     <span class='ocr_line' id='line_1_21' title="bbox 224 3033 945 3119; baseline 0.001 -23"><span class='ocrx_word' id='word_1_176' title='bbox 224 3033 307 3098; x_wconf 88' lang='lat' dir='ltr'>Dum</span> <span class='ocrx_word' id='word_1_177' title='bbox 322 3055 434 3119; x_wconf 83' lang='lat' dir='ltr'>poenas</span> <span class='ocrx_word' id='word_1_178' title='bbox 449 3033 523 3097; x_wconf 90' lang='lat' dir='ltr'>odio</span> <span class='ocrx_word' id='word_1_179' title='bbox 537 3033 672 3117; x_wconf 85' lang='lat' dir='ltr'>pervim</span> <span class='ocrx_word' id='word_1_180' title='bbox 686 3033 816 3097; x_wconf 78' lang='lat' dir='ltr'>festinat</span> <span class='ocrx_word' id='word_1_181' title='bbox 830 3033 945 3097; x_wconf 88' lang='lat' dir='ltr'>inulto.</span> 
     </span>
     <span class='ocr_line' id='line_1_22' title="bbox 225 3143 1112 3227; baseline -0.006 -17"><span class='ocrx_word' id='word_1_182' title='bbox 225 3147 277 3209; x_wconf 88' lang='lat' dir='ltr'>Ira</span> <span class='ocrx_word' id='word_1_183' title='bbox 289 3147 379 3210; x_wconf 83' lang='lat' dir='ltr'>furor</span> <span class='ocrx_word' id='word_1_184' title='bbox 396 3145 496 3209; x_wconf 81' lang='lat' dir='ltr'>brevis</span> <span class='ocrx_word' id='word_1_185' title='bbox 510 3153 559 3208; x_wconf 84' lang='lat' dir='ltr'>est</span> <span class='ocrx_word' id='word_1_186' title='bbox 573 3170 580 3207; x_wconf 94' lang='lat'>:</span> <span class='ocrx_word' id='word_1_187' title='bbox 604 3145 748 3206; x_wconf 90' lang='lat' dir='ltr'>animum</span> <span class='ocrx_word' id='word_1_188' title='bbox 762 3165 847 3227; x_wconf 86' lang='lat' dir='ltr'>rege,</span> <span class='ocrx_word' id='word_1_189' title='bbox 865 3143 920 3226; x_wconf 88' lang='lat' dir='ltr'>qui</span> <span class='ocrx_word' id='word_1_190' title='bbox 934 3143 996 3206; x_wconf 89' lang='lat' dir='ltr'>nisi</span> <span class='ocrx_word' id='word_1_191' title='bbox 1011 3149 1112 3226; x_wconf 81' lang='lat' dir='ltr'>paret,</span> 
     </span>
     <span class='ocr_line' id='line_1_23' title="bbox 225 3254 1344 3341; baseline -0.004 -21"><span class='ocrx_word' id='word_1_192' title='bbox 225 3256 385 3341; x_wconf 83' lang='lat' dir='ltr'>Imperat;</span> <span class='ocrx_word' id='word_1_193' title='bbox 407 3256 495 3319; x_wconf 87' lang='lat' dir='ltr'>bunc</span> <span class='ocrx_word' id='word_1_194' title='bbox 509 3255 616 3331; x_wconf 85' lang='lat' dir='ltr'>frenis,</span> <span class='ocrx_word' id='word_1_195' title='bbox 633 3254 719 3318; x_wconf 89' lang='lat' dir='ltr'>hunc</span> <span class='ocrx_word' id='word_1_196' title='bbox 735 3262 773 3317; x_wconf 86' lang='lat' dir='ltr'>tu</span> <span class='ocrx_word' id='word_1_197' title='bbox 787 3275 951 3338; x_wconf 84' lang='lat' dir='ltr'>compesce</span> <span class='ocrx_word' id='word_1_198' title='bbox 966 3261 1090 3317; x_wconf 83' lang='lat' dir='ltr'>catena.</span> <span class='ocrx_word' id='word_1_199' title='bbox 1164 3269 1196 3316; x_wconf 75' lang='lat'>⁶³·</span> <span class='ocrx_word' id='word_1_200' title='bbox 1207 3267 1231 3307; x_wconf 52' lang='lat'>⁰1</span> <span class='ocrx_word' id='word_1_201' title='bbox 1242 3265 1260 3306; x_wconf 88' lang='lat'>1·</span> <span class='ocrx_word' id='word_1_202' title='bbox 1270 3266 1301 3306; x_wconf 77' lang='lat'>¹⁰·</span> <span class='ocrx_word' id='word_1_203' title='bbox 1311 3265 1344 3306; x_wconf 69' lang='lat'>22·</span> 
     </span>
     <span class='ocr_line' id='line_1_24' title="bbox 228 3364 1046 3452; baseline -0.005 -22"><span class='ocrx_word' id='word_1_204' title='bbox 228 3367 332 3451; x_wconf 84' lang='lat' dir='ltr'>Fingit</span> <span class='ocrx_word' id='word_1_205' title='bbox 348 3389 467 3452; x_wconf 86' lang='lat' dir='ltr'>equum</span> <span class='ocrx_word' id='word_1_206' title='bbox 482 3375 593 3430; x_wconf 86' lang='lat' dir='ltr'>tenera</span> <span class='ocrx_word' id='word_1_207' title='bbox 607 3365 742 3429; x_wconf 86' lang='lat' dir='ltr'>docilem</span> <span class='ocrx_word' id='word_1_208' title='bbox 757 3365 878 3429; x_wconf 83' lang='lat' dir='ltr'>cervice</span> <span class='ocrx_word' id='word_1_209' title='bbox 892 3364 1046 3448; x_wconf 82' lang='lat' dir='ltr'>magister</span> 
     </span>
     <span class='ocr_line' id='line_1_25' title="bbox 175 3476 1099 3560; baseline 0.002 -24"><span class='ocrx_word' id='word_1_210' title='bbox 175 3477 209 3536; x_wconf 83' lang='grc'>65</span> <span class='ocrx_word' id='word_1_211' title='bbox 229 3478 278 3541; x_wconf 86' lang='lat' dir='ltr'>Ire</span> <span class='ocrx_word' id='word_1_212' title='bbox 291 3479 385 3556; x_wconf 82' lang='lat' dir='ltr'>viam,</span> <span class='ocrx_word' id='word_1_213' title='bbox 402 3499 466 3560; x_wconf 82' lang='lat' dir='ltr'>qua</span> <span class='ocrx_word' id='word_1_214' title='bbox 480 3483 636 3540; x_wconf 86' lang='lat' dir='ltr'>monstret</span> <span class='ocrx_word' id='word_1_215' title='bbox 651 3496 768 3558; x_wconf 83' lang='lat' dir='ltr'>eques;</span> <span class='ocrx_word' id='word_1_216' title='bbox 790 3476 965 3552; x_wconf 84' lang='lat' dir='ltr'>venaticus,</span> <span class='ocrx_word' id='word_1_217' title='bbox 981 3497 1020 3539; x_wconf 85' lang='lat' dir='ltr'>ex</span> <span class='ocrx_word' id='word_1_218' title='bbox 1035 3496 1099 3558; x_wconf 91' lang='lat' dir='ltr'>quo</span> 
     </span>
     <span class='ocr_line' id='line_1_26' title="bbox 228 3587 980 3675; baseline -0.003 -23"><span class='ocrx_word' id='word_1_219' title='bbox 228 3589 377 3675; x_wconf 84' lang='lat' dir='ltr'>Tempore</span> <span class='ocrx_word' id='word_1_220' title='bbox 392 3590 550 3654; x_wconf 83' lang='lat' dir='ltr'>cervinam</span> <span class='ocrx_word' id='word_1_221' title='bbox 566 3589 682 3672; x_wconf 81' lang='lat' dir='ltr'>pellem</span> <span class='ocrx_word' id='word_1_222' title='bbox 696 3587 825 3651; x_wconf 81' lang='lat' dir='ltr'>latravit</span> <span class='ocrx_word' id='word_1_223' title='bbox 839 3588 874 3651; x_wconf 92' lang='lat' dir='ltr'>in</span> <span class='ocrx_word' id='word_1_224' title='bbox 896 3588 980 3665; x_wconf 89' lang='lat' dir='ltr'>aula,</span> 
     </span>
     <span class='ocr_line' id='line_1_27' title="bbox 230 3698 1345 3782; baseline 0.003 -19"><span class='ocrx_word' id='word_1_225' title='bbox 230 3699 345 3765; x_wconf 78' lang='lat' dir='ltr'>Militat</span> <span class='ocrx_word' id='word_1_226' title='bbox 360 3701 394 3764; x_wconf 90' lang='lat' dir='ltr'>in</span> <span class='ocrx_word' id='word_1_227' title='bbox 409 3700 494 3764; x_wconf 87' lang='lat' dir='ltr'>silvis</span> <span class='ocrx_word' id='word_1_228' title='bbox 508 3700 644 3764; x_wconf 87' lang='lat' dir='ltr'>catulus.</span> <span class='ocrx_word' id='word_1_229' title='bbox 690 3699 789 3764; x_wconf 90' lang='lat' dir='ltr'>Nunc</span> <span class='ocrx_word' id='word_1_230' title='bbox 804 3698 919 3762; x_wconf 85' lang='lat' dir='ltr'>adhibe</span> <span class='ocrx_word' id='word_1_231' title='bbox 933 3719 1014 3782; x_wconf 88' lang='lat' dir='ltr'>puro</span> <span class='ocrx_word' id='word_1_232' title='bbox 1164 3724 1214 3766; x_wconf 67' lang='lat' dir='ltr'>pur.</span> <span class='ocrx_word' id='word_1_233' title='bbox 1225 3712 1246 3754; x_wconf 81' lang='lat'>⁸·</span> <span class='ocrx_word' id='word_1_234' title='bbox 1256 3713 1274 3753; x_wconf 89' lang='lat'>¹·</span> <span class='ocrx_word' id='word_1_235' title='bbox 1283 3713 1303 3753; x_wconf 80' lang='lat'>⁶·</span> <span class='ocrx_word' id='word_1_236' title='bbox 1312 3713 1345 3752; x_wconf 60' lang='grc' dir='ltr'><strong><em>Μ</em></strong></span> 
     </span>
     <span class='ocr_line' id='line_1_28' title="bbox 229 3809 1034 3895; baseline 0.002 -23"><span class='ocrx_word' id='word_1_237' title='bbox 229 3809 355 3876; x_wconf 84' lang='lat' dir='ltr'>Pectore</span> <span class='ocrx_word' id='word_1_238' title='bbox 370 3811 476 3890; x_wconf 82' lang='lat' dir='ltr'>verba,</span> <span class='ocrx_word' id='word_1_239' title='bbox 491 3833 580 3895; x_wconf 89' lang='lat' dir='ltr'>puer,</span> <span class='ocrx_word' id='word_1_240' title='bbox 596 3831 683 3874; x_wconf 88' lang='lat' dir='ltr'>nunc</span> <span class='ocrx_word' id='word_1_241' title='bbox 697 3817 731 3873; x_wconf 88' lang='lat' dir='ltr'>te</span> <span class='ocrx_word' id='word_1_242' title='bbox 746 3809 931 3874; x_wconf 86' lang='lat' dir='ltr'>melioribus</span> <span class='ocrx_word' id='word_1_243' title='bbox 945 3810 1034 3874; x_wconf 85' lang='lat' dir='ltr'>offer.</span> 
     </span>
     <span class='ocr_line' id='line_1_29' title="bbox 231 3921 1047 4000; baseline -0.004 -11"><span class='ocrx_word' id='word_1_244' title='bbox 231 3923 298 3989; x_wconf 79' lang='lat' dir='ltr'>Quo</span> <span class='ocrx_word' id='word_1_245' title='bbox 311 3924 410 3989; x_wconf 90' lang='lat' dir='ltr'>semel</span> <span class='ocrx_word' id='word_1_246' title='bbox 425 3933 473 3988; x_wconf 88' lang='lat' dir='ltr'>est</span> <span class='ocrx_word' id='word_1_247' title='bbox 488 3923 615 3987; x_wconf 85' lang='lat' dir='ltr'>imbuta</span> <span class='ocrx_word' id='word_1_248' title='bbox 627 3943 748 4000; x_wconf 85' lang='lat' dir='ltr'>recens,</span> <span class='ocrx_word' id='word_1_249' title='bbox 764 3922 902 3986; x_wconf 87' lang='lat' dir='ltr'>servabit</span> <span class='ocrx_word' id='word_1_250' title='bbox 917 3921 1047 3986; x_wconf 90' lang='lat' dir='ltr'>odorem</span> 
     </span>
     <span class='ocr_line' id='line_1_30' title="bbox 180 4031 1067 4110; baseline 0.002 -18"><span class='ocrx_word' id='word_1_251' title='bbox 180 4031 214 4092; x_wconf 76' lang='lat'>70</span> <span class='ocrx_word' id='word_1_252' title='bbox 231 4034 318 4098; x_wconf 78' lang='lat' dir='ltr'>Testa</span> <span class='ocrx_word' id='word_1_253' title='bbox 332 4035 398 4098; x_wconf 89' lang='lat' dir='ltr'>diu.</span> <span class='ocrx_word' id='word_1_254' title='bbox 445 4034 541 4100; x_wconf 80' lang='lat' dir='ltr'>Quod</span> <span class='ocrx_word' id='word_1_255' title='bbox 556 4034 584 4098; x_wconf 89' lang='lat' dir='ltr'>si</span> <span class='ocrx_word' id='word_1_256' title='bbox 599 4054 702 4096; x_wconf 82' lang='lat' dir='ltr'>cessas</span> <span class='ocrx_word' id='word_1_257' title='bbox 717 4039 774 4096; x_wconf 84' lang='lat' dir='ltr'>aut</span> <span class='ocrx_word' id='word_1_258' title='bbox 788 4043 938 4096; x_wconf 80' lang='lat' dir='ltr'>strenuus</span> <span class='ocrx_word' id='word_1_259' title='bbox 952 4033 1067 4110; x_wconf 90' lang='lat' dir='ltr'>anteis,</span> 
     </span>
     <span class='ocr_line' id='line_1_31' title="bbox 230 4143 1045 4230; baseline -0.001 -23"><span class='ocrx_word' id='word_1_260' title='bbox 230 4145 293 4210; x_wconf 87' lang='lat' dir='ltr'>Nec</span> <span class='ocrx_word' id='word_1_261' title='bbox 306 4146 436 4210; x_wconf 91' lang='lat' dir='ltr'>tardum</span> <span class='ocrx_word' id='word_1_262' title='bbox 450 4145 596 4230; x_wconf 89' lang='lat' dir='ltr'>opperior</span> <span class='ocrx_word' id='word_1_263' title='bbox 609 4165 668 4208; x_wconf 90' lang='lat' dir='ltr'>nec</span> <span class='ocrx_word' id='word_1_264' title='bbox 682 4143 936 4228; x_wconf 78' lang='lat' dir='ltr'>praecedentibus</span> <span class='ocrx_word' id='word_1_265' title='bbox 950 4143 1045 4207; x_wconf 81' lang='lat' dir='ltr'>insto.</span> 
     </span>
    </p>
   </div>
   <div class='ocr_carea' id='block_1_9' title="bbox 311 4293 990 4361">
    <p class='ocr_par' dir='ltr' id='par_1_10' title="bbox 311 4293 990 4361">
     <span class='ocr_line' id='line_1_32' title="bbox 311 4293 990 4361; baseline -0.007 -13"><span class='ocrx_word' id='word_1_266' title='bbox 311 4299 352 4348; x_wconf 74' lang='lat'>46.</span> <span class='ocrx_word' id='word_1_267' title='bbox 370 4297 489 4361; x_wconf 74' lang='lat' dir='ltr'>contigit,</span> <span class='ocrx_word' id='word_1_268' title='bbox 501 4297 552 4356; x_wconf 89' lang='lat' dir='ltr'>hic,</span> <span class='ocrx_word' id='word_1_269' title='bbox 568 4293 628 4361; x_wconf 78' lang='lat' dir='ltr'>(vel)</span> <span class='ocrx_word' id='word_1_270' title='bbox 642 4297 672 4345; x_wconf 88' lang='lat' dir='ltr'>is.</span> <span class='ocrx_word' id='word_1_271' title='bbox 741 4295 781 4345; x_wconf 78' lang='lat'>54.</span> <span class='ocrx_word' id='word_1_272' title='bbox 798 4295 810 4346; x_wconf 73' lang='lat' dir='ltr'>i</span> <span class='ocrx_word' id='word_1_273' title='bbox 826 4297 990 4346; x_wconf 78' lang='lat' dir='ltr'>sinoemmst.</span> 
     </span>
    </p>
   </div>
   <div class='ocr_carea' id='block_1_10' title="bbox 0 0 1730 5667">
    <p class='ocr_par' dir='ltr' id='par_1_11' title="bbox 0 0 1730 5667">
     <span class='ocr_line' id='line_1_33' title="bbox 0 0 1730 5667; baseline 0 0"><span class='ocrx_word' id='word_1_274' title='bbox 0 0 1730 5667; x_wconf 95' lang='lat' dir='ltr'> </span> 
     </span>
    </p>
   </div>
  </div>
 </body>
</html>
