3450 5667
497 750 733 810 SATIRARUM
762 749 840 806 ΜΒ.
868 749 896 808 1.
918 748 955 805 vi.
1281 641 1359 802 15³·

189 921 265 988 Ono
278 917 373 1005 pueri
386 917 512 1000 magnis
527 937 545 980 e
559 913 798 979 centurionibus
811 913 886 991 orti,

189 1033 288 1094 Laevo
303 1028 448 1113 suspensi
465 1027 586 1092 loculos
599 1024 806 1108 tabulamque
820 1024 949 1100 lacerto,
1137 1028 1304 1080 ΗΜ*

148 1145 170 1204 ’5
191 1141 291 1206 Ibant
305 1139 431 1205 octonis
444 1137 617 1202 referentes
633 1134 745 1200 Idibus
759 1156 841 1199 aers:

194 1251 257 1316 sed
271 1271 409 1336 puerum
423 1256 473 1314 ost
487 1269 582 1312 susus
597 1247 735 1311 Romam
748 1253 875 1330 portare
889 1242 1067 1310 dooendum

194 1361 302 1440 Artos,
319 1381 398 1444 quas
413 1359 524 1423 dooest
539 1357 641 1440 quivis
654 1376 751 1440 equos
766 1362 861 1439 atque
875 1362 1003 1419 senator

199 1473 310 1534 Semet
325 1477 507 1556 prognatos.
551 1469 685 1532 Vestem
699 1487 867 1550 servosque
881 1475 1049 1550 soquentes

199 1583 240 1646 In
254 1601 372 1666 magno
385 1588 424 1644 ut
437 1578 554 1665 populo
568 1579 596 1642 si
611 1577 666 1661 qui
680 1576 820 1655 vidisset,
836 1577 922 1641 evito

148 1691 182 1752 EO
200 1690 249 1754 Ex
261 1712 298 1755 re
313 1689 445 1776 praeberi
459 1695 605 1772 sumptus
619 1687 699 1752 mihi
715 1687 857 1752 crederet
870 1687 953 1752 illos.

203 1801 274 1884 lpse
288 1801 367 1864 mihi
381 1806 489 1864 eustos
502 1797 793 1881 inoomsptissimus
807 1817 919 1862 omnes

204 1911 331 1974 Circum
345 1910 488 1976 doctores
503 1908 623 1974 aderat.
669 1907 758 1976 Quid
772 1907 898 1972 multo?
941 1907 1109 1988 Pndioum,

206 2021 269 2086 Qui
282 2022 401 2106 primus
415 2021 544 2084 virtutis
558 2019 669 2098 honos,
685 2019 820 2084 servavit
834 2019 875 2083 ab
888 2020 978 2082 omni

204 2133 278 2195 Non
293 2133 394 2199 solum
408 2131 494 2196 facto
508 2152 618 2197 verum
633 2130 800 2214 opprobrio
815 2151 942 2214 quoque
955 2130 1054 2214 turpi,

151 2241 186 2301 85
206 2241 274 2305 Nec
287 2242 405 2320 timuit,
421 2241 483 2308 sibi
496 2261 538 2306 ne
551 2241 630 2306 vitio
644 2242 714 2325 quis
727 2249 877 2320 verteret,
891 2239 970 2305 olim

209 2351 240 2412 Si
255 2373 354 2434 praeoo
366 2373 480 2436 parvos
494 2358 560 2431 snt,
577 2359 614 2415 ut
628 2351 781 2435 iuitipss,
798 2359 925 2416 oosctor
1137 2367 1328 2422 musmo

207 2459 365 2525 Merosdos
378 2482 545 2545 seques-m
567 2481 671 2544 neque
695 2481 755 2544 ego
780 2481 884 2526 essem
908 2465 1059 2545 questus:
1094 2468 1129 2524 st

308 2571 367 2636 hoc
380 2591 468 2636 nuno

210 2679 292 2744 Lsns
305 2681 350 2744 illi
364 2681 499 2746 debetur
513 2687 546 2746 et
561 2703 580 2744 a
594 2701 647 2745 me
660 2681 764 2764 gratis
777 2681 890 2766 major.

209 2789 263 2853 Nil
275 2813 325 2856 me
339 2793 493 2877 poeniteat
506 2813 619 2856 sonum
634 2792 733 2875 patris
747 2791 865 2877 hujus3
887 2813 989 2876 eoque

161 2901 195 2960 90
212 2901 291 2981 Non,
305 2911 340 2967 ut
353 2925 472 2988 magns
485 2903 558 2968 dolo
573 2903 693 2967 foetum
707 2912 804 2988 negot
819 2925 888 2968 esse
900 2926 959 2968 suo
971 2887 1064 2988 pots(

214 3012 302 3077 Quod
315 2993 379 3078 non
392 3015 549 3098 ingenuos
562 3013 679 3078 hebent
693 3013 856 3097 clarosque
870 3023 1027 3098 parentes,

216 3121 325 3188 Sicine
338 3123 515 3189 defendam.
560 3125 672 3206 Longo
685 3143 758 3188 mes
772 3123 930 3208 discrepet
942 3125 1013 3188 istis

214 3229 251 3294 Et
264 3254 319 3296 vox
334 3241 365 3298 et
379 3234 482 3298 ratio:
506 3253 582 3296 nam
596 3233 624 3296 si
638 3240 753 3296 notura
763 3232 893 3316 juberet

216 3341 242 3402 A
255 3343 342 3408 oenis
357 3343 448 3407 annis
463 3363 565 3408 aevum
581 3362 721 3406 remeare
735 3351 900 3426 pernotum

167 3447 199 3506 ‘ii
218 3451 312 3534 Atque
326 3453 401 3518 alios
414 3453 520 3537 legere
535 3452 575 3516 sd
588 3451 709 3516 fastum
723 3473 941 3537 quoscumque
954 3461 1102 3538 parentes

218 3559 339 3642 Optaret
352 3563 412 3627 sibi
429 3564 571 3647 quisque,
588 3563 668 3627 meis
682 3571 852 3628 oontontns
866 3564 1016 3630 honestos

217 3667 354 3736 Fascibus
366 3679 399 3736 et
413 3673 500 3736 sellis
515 3673 634 3735 nollem
648 3671 729 3735 mihi
743 3693 880 3754 sumere,
895 3674 1026 3740 demens

218 3777 235 3838 J
237 3780 332 3846 udicio
344 3783 439 3865 volgi,
454 3803 551 3846 sonus
566 3782 697 3847 sortasse
711 3789 779 3862 tuo,
796 3783 882 3867 quod

218 3887 332 3956 Nollem
341 3914 422 3958 onus
431 3891 518 3956 houd
527 3913 681 3976 nmquam
692 3893 804 3957 solitus
814 3903 940 3979 portare
950 3897 1131 3962 molestum.

173 3995 293 4064 lOONsm
306 4003 382 4066 mihi
398 4005 552 4068 oontinuo
566 4004 668 4087 major
682 4005 851 4086 qnaerends
863 4007 947 4072 foret
959 4029 1011 4072 res
1146 4047 1188 4088 „p
1198 4046 1224 4088 Β,
1233 4046 1282 4088 m,
1291 4045 1324 4086 η

220 4111 315 4195 Atque
329 4113 488 4178 salutandi
502 4113 620 4197 plures,
636 4113 801 4179 ducendus
815 4124 848 4181 et
861 4138 947 4181 unus

219 4217 255 4283 Et
267 4243 366 4289 onmes
381 4225 472 4302 alter,
488 4225 538 4288 uti
551 4245 592 4288 no
607 4225 693 4289 solus
707 4246 801 4290 rusve
815 4248 983 4313 peregreve
1148 4253 1191 4295 ωι.
1200 4253 1226 4295 s.
1236 4253 1256 4293 ι.
1265 4251 1297 4292 is
1306 4251 1340 4293 o.

220 4328 346 4413 Exim,
361 4335 468 4419 plures
483 4335 609 4399 colonos
624 4343 720 4419 etque
730 4337 843 4402 osbsili
1145 4369 1194 4421 με.
1205 4367 1259 4409 ss
1268 4366 1288 4408 1.
1300 4365 1345 4408 os

220 4438 370 4524 Pasoendi,
386 4443 533 4510 ducende
546 4446 712 4528 petorrits
756 4447 855 4512 Nune
869 4448 950 4511 mihi
964 4456 1056 4513 curto

178 4543 266 4615 ¹051oe
278 4553 350 4619 lioet
363 4556 453 4620 mulo
466 4555 517 4620 vel
531 4555 559 4619 si
573 4555 652 4621 libet
666 4578 767 4640 usque
782 4560 969 4638 nasutum,

222 4659 351 4731 Mantiea
363 4667 416 4732 oui
427 4667 554 4733 lumbos
563 4690 658 4734 onere
667 4670 788 4734 ulceret
799 4679 895 4754 atque
906 4693 1003 4757 eques
1012 4695 1135 4756 armos3
1220 4665 1225 4672 ¹

277 4779 316 4830 76.
330 4780 341 4828 i
353 4787 497 4843 puerumst.
569 4781 608 4832 79.
623 4783 645 4830 si
658 4783 723 4844 quis.
792 4783 832 4833 96.
845 4785 978 4845 hosustos,
992 4787 1019 4835 S.
