3450 5667
733 719 771 822 Q:
789 718 950 777 HORAPI
965 717 1110 776 FLAOCI

666 884 775 950 Quem
786 903 878 967 paene
892 883 992 946 furvse
1006 903 1107 965 regne
1120 880 1330 964 Proserpinae,

663 993 708 1058 Et
718 995 920 1078 judicantem
935 993 1073 1056 vidimus
1089 993 1237 1071 AEooum,

707 1105 869 1188 Sedesque
883 1104 1036 1169 discretas
1051 1103 1188 1186 piorum,
1205 1109 1238 1165 ct

750 1216 868 1282 AEoliis
882 1213 998 1280 fidibus
1010 1211 1200 1297 'querentem

667 1350 795 1435 Sappho
809 1350 924 1434 puellis
939 1349 978 1413 de
993 1348 1220 1433 popularibus3

664 1464 710 1526 Et
724 1470 757 1526 te
771 1469 940 1525 sonantem
951 1459 1077 1544 plenius
1093 1480 1198 1536 aureo,

708 1573 827 1651 Alme,
842 1573 965 1656 plectro
980 1569 1060 1634 durs
1074 1569 1174 1647 navis,

753 1683 844 1746 Duru
857 1681 943 1765 fugae
957 1679 1051 1756 mnis,
1069 1678 1150 1742 durs
1164 1676 1240 1741 beili
1255 1677 1263 1741 i

667 1819 852 1901 Utrumque
867 1837 958 1880 sacro
974 1815 1071 1898 digne
1085 1813 1212 1878 silentio

657 1930 831 1993 'Mirantur
845 1927 980 1993 Umbrae
994 1926 1099 1990 dicere
1112 1951 1121 2004 ;
1145 1925 1201 1988 sed
1216 1923 1318 2008 magis
1496 1927 1542 1988 30

713 2042 843 2123 Pugnas
857 2045 892 2103 et
907 2045 1034 2103 exectos
1048 2045 1202 2122 tyrannos

754 2152 901 2217 Densum
915 2147 1036 2231 umeris
1050 2147 1133 2212 bibit
1149 2167 1226 2210 aure
1240 2145 1362 2230 volgus.

669 2286 759 2354 Quid
772 2285 917 2350 mirum?
940 2283 996 2348 ubi
1011 2283 1074 2346 illis
1090 2281 1285 2347 carminibus
1300 2289 1432 2366 stupens

668 2399 823 2466 Demittit
836 2405 922 2461 atras
936 2395 1031 2460 belua
1046 2395 1205 2478 centiceps

713 2512 827 2588 Aures,
843 2516 877 2573 et
891 2509 1003 2572 intorti
1019 2506 1141 2590 capillis

756 2619 976 2684 Eumenidum
990 2623 1176 2681 recreentur
1190 2635 1328 2698 angues3

672 2757 762 2826 Quin
776 2764 809 2820 et
823 2755 1035 2820 Prometheus
1050 2762 1084 2818 et
1099 2751 1225 2835 Pelopis
1239 2771 1352 2836 parens

670 2869 767 2937 Dulci
781 2867 926 2931 laborum
943 2865 1100 2950 decipitur
1115 2885 1213 2942 sono;

714 2983 785 3048 Nec
800 2987 892 3044 curat
908 2979 1010 3044 Orion
1024 2979 1132 3042 leones

757 3093 827 3156 Aut
840 3090 971 3155 timidos
986 3089 1108 3172 agitare
1123 3087 1242 3172 lynces.

995 3585 1094 3650 XIV.

673 3761 774 3826 Esse
789 3761 929 3843 fugaces,
945 3759 1112 3836 Postume,
1128 3759 1292 3834 Postume,

672 3871 842 3938 Labuntur
856 3869 943 3948 enni,
959 3891 1019 3934 neo
1034 3869 1143 3934 Pietas
1158 3890 1282 3932 moram

714 3983 816 4065 Rugis
831 3990 864 4045 et
878 3981 1013 4044 instanti
1030 3981 1174 4044 Senectae

757 4092 884 4157 Afferet
899 4091 1127 4175 indomitaeque
1142 4091 1257 4154 Morti.

669 4232 758 4308 Non,
775 4229 802 4293 si
815 4229 952 4293 trecenis
968 4235 1126 4312 quotquot
1141 4235 1221 4291 eunt
1236 4226 1312 4305 dies,
1531 4235 1552 4292 5

670 4341 794 4420 Amice,
810 4340 916 4424 places
931 4338 1185 4403 illacrimsbilem

714 4453 854 4516 Plutona
869 4451 989 4514 tauris:
1014 4449 1069 4532 qui
1085 4457 1135 4513 ter
1149 4448 1292 4532 amplum

758 4565 929 4647 Geryonen
945 4562 1128 4646 Tityonque
1142 4561 1231 4624 tristi

639 4749 698 4784 xm.
715 4738 755 4784 23.
767 4737 914 4799 discriptas,
928 4737 958 4782 K.
973 4735 1002 4783 B.
1070 4737 1112 4783 32.
1130 4735 1262 4792 humeris;
1286 4735 1386 4796 vulgus.
