3450 5667
607 777 829 838 emmor!
864 779 942 838 ΗΒ.
960 781 989 840 Ι.
1010 781 1060 842 vii.

713 1091 776 1157 VI.

308 1229 497 1293 Scnrnnnrr
511 1225 616 1292 Vnrio
628 1226 722 1291 sortis
736 1234 770 1292 et
782 1227 929 1294 hostium

305 1337 426 1402 Vietor
439 1337 575 1402 Maeonii
588 1337 739 1402 carminis
753 1338 839 1418 elite,
946 1335 955 1348 '
1239 1365 1271 1410 ιι.
1281 1367 1406 1408 enm

309 1449 422 1516 Quem
435 1469 505 1513 rem
519 1469 658 1532 eumque
672 1449 762 1515 ferox
775 1450 909 1516 navibus
924 1460 981 1515 eut
995 1451 1086 1536 equis

355 1558 466 1638 Miles,
480 1563 515 1623 te
529 1557 623 1638 doce,
637 1560 780 1644 gomerih.

228 1711 254 1772 5
311 1707 399 1785 Nos,
414 1705 568 1791 Agrippa,
582 1726 688 1790 neque
701 1706 771 1771 haeo
786 1705 903 1787 dicere,
918 1727 980 1772 nee
995 1727 1126 1791 grevm
1240 1709 1440 1802 ammei&

311 1817 434 1882 Pelidae
448 1817 652 1882 stomachum
665 1817 777 1883 oedere
790 1816 901 1895 nescii,
1240 1810 1427 1912 flpffiijll*

310 1926 388 1992 Neo
402 1947 512 1990 cursus
525 1925 660 2010 duplicis
673 1947 732 2010 per
744 1947 832 1991 mere
847 1925 967 2007 Ulixei,
1240 1911 1441 2004 edidisse

356 2035 432 2101 Neo
446 2056 562 2100 serem
576 2037 703 2121 Pelopis
717 2035 850 2102 domum

313 2185 487 2262 Conemnr,
503 2191 617 2248 tenues
631 2183 782 2266 grandia:
806 2183 885 2248 dnm
898 2183 1002 2268 pudor
1241 2219 1261 2258 9,
1270 2205 1353 2298 epp
1362 2207 1395 2296 ep.

211 2299 263 2363 10
312 2294 523 2379 Imbellisqne
537 2293 615 2379 lyrae
629 2293 728 2358 Mnse
741 2302 855 2380 potens
868 2302 957 2360 vetet
1266 2306 1322 2351 ne
1331 2308 1350 2350 1.
1358 2307 1404 2348 m.

312 2405 442 2471 Irendes
455 2404 575 2488 egregii
590 2405 735 2484 caesaris,
750 2412 784 2470 et
797 2411 871 2469 tuas

357 2517 462 2601 Culpa
475 2515 619 2581 deterere
632 2515 754 2600 ingeni.

314 2665 397 2733 Quis
411 2665 557 2730 Martem
570 2653 681 2730 tunica
694 2671 820 2730 tectum
836 2663 1043 2730 adamantino

312 2778 422 2860 Digne
437 2775 622 2861 scripserit?
645 2783 702 2840 eut
714 2777 844 2862 pulvere
858 2778 973 2842 'lho'ioo

215 2893 264 2954 15
314 2887 458 2971 Nigrum
471 2887 670 2952 Merionen?
692 2895 749 2952 eut
763 2909 823 2972 ope
837 2888 977 2954 Pelledir

359 2997 505 3084 Tydiden
521 2999 652 3083 Superis
666 2999 802 3083 parem?

315 3147 388 3212 Nos
401 3146 555 3226 somiein,
569 3167 629 3211 nos
642 3145 756 3232 proelie
769 3146 932 3231 virginum

318 3257 423 3323 Sectis
436 3257 471 3321 in
482 3258 616 3342 juvenes
630 3257 792 3342 unguibus
807 3258 931 3322 aerium

317 3370 506 3446 Cantemus,
521 3369 624 3448 meni,
639 3367 705 3432 sive
720 3366 798 3453 qnid
811 3368 946 3449 urimur,

216 3483 269 3546 20
360 3479 439 3544 Non
451 3485 569 3565 preter
582 3479 715 3544 solitum
728 3477 824 3544 leves.

686 3890 770 3956 VII.

217 4041 446 4106 nemmem
460 4033 515 4098 elii
529 4033 648 4099 clarem
663 4031 814 4113 Rhodon·
828 4038 885 4097 ent
898 4032 1103 4120 Mytilenen3

263 4153 346 4215 Ant
358 4145 520 4230 Epheson,
535 4144 706 4209 bimarisve
721 4143 870 4209 Corinthi

216 4258 370 4338 Moenia,
386 4257 435 4320 vel
449 4255 579 4320 Baooho
592 4253 729 4334 Thebas,
744 4255 795 4320 vel
808 4256 960 4340 Apolline
975 4256 1120 4342 Delphos

263 4370 437 4454 Insignes,
453 4367 676 4432 sntThessnln
689 4367 818 4452 nempe.
1242 4403 1395 4456 4o.³.1.re

218 4487 319 4551 Sunt
333 4479 452 4564 quibos
466 4500 569 4542 unum
583 4499 663 4564 opus
678 4484 738 4558 est,
753 4478 885 4543 inteetoe
898 4477 1039 4544 Pellsdis
1052 4477 1166 4544 urbem
1210 4481 1231 4542 5

263 4589 429 4662 Carmine
442 4597 595 4675 perpetuo
609 4589 778 4669 celebrere,
794 4596 828 4654 et

600 4749 624 4802 ὅ.
641 4765 722 4813 eroes,
734 4769 757 4802 v.
770 4765 867 4802 ersom.
