3450 5667
750 727 784 800 Q.
807 727 967 786 norm
983 727 1129 788 rtAccl

720 899 824 963 Penes
837 896 962 972 iambis.
977 897 1043 964 sive
1057 898 1188 964 flamma

764 1007 838 1072 Sive
851 1008 932 1072 mari
945 1008 1026 1073 libet
1041 1009 1218 1074 Hadriano.

677 1143 756 1208 Nou
769 1143 989 1230 Dindymene,
1003 1165 1070 1210 non
1084 1145 1189 1232 adytis
1203 1147 1305 1230 quatit
1501 1145 1521 1205 5

677 1253 826 1320 Mentem
840 1255 1043 1321 sacerdotum
1056 1257 1163 1322 incola
1176 1257 1321 1343 Pythius,

718 1366 798 1430 Non
812 1365 912 1432 Iriber
925 1387 1028 1451 aeque,
1043 1389 1108 1432 nou
1123 1375 1220 1433 acuta

762 1476 817 1541 Sic
831 1476 998 1561 geminant
1012 1477 1213 1562 Corybantes
1226 1498 1300 1557 aera,

676 1609 797 1675 Tristes
811 1619 849 1674 ut
863 1611 939 1689 irae3
963 1633 1042 1695 quas
1055 1633 1160 1695 neque
1173 1613 1312 1677 Noricus

676 1721 826 1786 Deterret
840 1722 937 1800 ensis,
952 1744 1013 1786 nec
1027 1744 1116 1788 mare
1129 1723 1328 1808 naufragum,
1482 1719 1522 1782 10

718 1832 790 1898 Nec
802 1855 905 1897 savus
918 1833 1013 1918 ignis,
1028 1855 1089 1899 nec
1102 1834 1269 1900 tremendo

765 1945 917 2028 Juppitcr
930 1945 998 2029 ipse
1007 1955 1110 2010 ‘ruens
1124 1947 1278 2011 tumultu.

676 2081 792 2146 Fertur
806 2081 1029 2160 Prometheus,
1045 2082 1161 2148 addere
1174 2083 1310 2168 principi

676 2193 772 2259 Limo
786 2201 916 2257 coactus
930 2193 1122 2277 particulam
1139 2195 1282 2279 undique

719 2303 901 2382 Desectam,
916 2303 1183 2369 etinsauileonis
1488 2302 1524 2363 15

761 2414 839 2480 Vim
854 2414 1021 2479 stomacho
1034 2415 1216 2500 apposuisse
1230 2423 1348 2481 nostro.

676 2551 739 2618 Irae
753 2551 916 2636 Thyesten
930 2550 1029 2615 exitio
1043 2551 1133 2635 gravi

676 2666 834 2742 Strsvere,
850 2668 884 2726 et
898 2661 972 2725 altis
984 2660 1117 2726 urbibus
1131 2661 1254 2728 ultime

719 2774 845 2838 Stetere
859 2791 975 2850 causta,
990 2792 1048 2835 cur
1060 2771 1204 2855 perirent

761 2883 932 2963 Funditus,
946 2883 1208 2967 imprimeretque
1221 2885 1324 2948 muria
1487 2881 1527 2944 20

675 3019 802 3086 Hostile
817 3026 961 3082 aratrum
974 3009 1133 3082 exercitus
1146 3019 1299 3085 insoleus.

672 3133 845 3215 Compesce
860 3136 1024 3194 mentem:
1047 3150 1101 3194 me
1116 3151 1244 3215 quoque
1256 3132 1396 3214 pectoris

715 3240 898 3324 Temptavit
911 3239 948 3303 in
962 3239 1049 3304 dulci
1059 3241 1195 3325 juventa

758 3351 888 3428 Fervor,
903 3359 937 3414 et
950 3350 988 3414 in
1001 3349 1119 3416 celeres
1132 3351 1256 3416 iambos

671 3485 766 3551 Misit
780 3486 960 3552 liuentem:
982 3507 1070 3550 nunc
1084 3508 1145 3571 ego
1155 3488 1288 3552 mitibus
1492 3487 1529 3550 25

671 3597 803 3662 Mutare
818 3619 927 3682 quoero
941 3599 1067 3677 tristia3
1089 3599 1167 3664 dum
1182 3601 1264 3665 mihi

715 3707 789 3772 lias
802 3709 976 3773 recantatis
990 3709 1094 3774 amica

757 3818 955 3904 opprobriis,
971 3815 1180 3904 animumque
1193 3821 1317 3888 reddas.

978 4133 1093 4198 XVII.

667 4254 787 4318 Venox
802 4275 966 4320 amoenum
981 4279 1066 4343 saepe
1081 4257 1280 4322 Lucretilem

668 4364 780 4428 Mutat
794 4365 910 4450 Lycaeo
926 4366 1066 4450 Faunus,
1082 4378 1116 4432 et
1130 4367 1257 4452 igneam

711 4475 865 4540 Defendit
878 4484 1023 4543 testatem
1039 4479 1169 4564 capellis

754 4589 868 4672 Usque
882 4589 973 4670 meis,
988 4589 1176 4674 pluviosque
1196 4597 1319 4656 ventos.

947 4757 990 4803 2³.
1008 4758 1128 4807 tentavit.
