3450 5667
701 667 735 740 ρ.
757 664 916 764 uosrrr
932 661 1076 720 resecr

495 838 544 901 Ut
560 835 588 900 si
603 833 674 918 quis
688 833 793 898 solum
807 833 881 912 hoc,
895 831 981 896 mala
994 851 1037 894 na
1050 828 1117 894 sint
1129 828 1214 907 vina,
1224 827 1360 906 laboret,

496 943 592 1010 Quali
607 942 778 1026 perfundat
792 942 893 1026 pisces
907 961 1037 1005 securus
1051 939 1145 1004 olivo.
1448 938 1504 998 50

495 1053 637 1118 Massica
651 1053 678 1118 si
696 1053 774 1117 eaelo
788 1073 947 1136 suppones
961 1050 1037 1128 rina
1050 1069 1173 1128 sereno,
1302 1074 1307 1086 ·

495 1165 676 1241 Nocturna,
692 1163 721 1228 si
735 1161 812 1246 quid
826 1162 924 1226 crassi
937 1169 996 1237 est,
1011 1159 1199 1224 tenuabitur
1212 1179 1290 1223 aurs

496 1277 540 1338 Et
556 1273 687 1338 decedet
702 1273 781 1338 odor
794 1272 900 1336 nervis
913 1271 1083 1350 inimicum
1108 1278 1142 1334 at
1155 1269 1212 1334 illa

496 1386 666 1470 Integrum
680 1384 818 1469 perdunt
831 1384 899 1450 lino
913 1383 1025 1447 vitiata
1037 1402 1192 1466 saporem.

286 1515 337 1558 sar.
348 1515 374 1558 s.
384 1517 403 1557 1.
414 1515 445 1556 rr.
451 1513 483 1554 rr·
500 1497 691 1561 Surrentina
704 1495 790 1560 vafer
805 1495 860 1578 qui
874 1494 988 1558 miscet
1000 1493 1079 1558 faece
1094 1493 1229 1558 Falerna
1452 1497 1502 1556 55

366 1651 369 1662 ·
498 1609 595 1686 Vina,
611 1605 794 1672 columbino
809 1606 923 1670 limum
937 1605 1019 1669 bene
1033 1604 1156 1687 colligit
1170 1625 1239 1680 ovo,

501 1717 670 1782 Quatenus
684 1716 750 1780 ima
763 1715 845 1800 petit
858 1715 988 1780 volvem
1002 1715 1106 1779 aliena
1118 1715 1254 1778 vitellus.

500 1827 605 1891 'Pestis
619 1832 815 1890 marcentem
830 1825 954 1908 squillis
967 1825 1125 1890 recreabis
1138 1832 1172 1889 et
1185 1825 1266 1890 Afra

501 1939 650 2001 Potorem
664 1935 809 2000 cochlea:
831 1955 910 1999 nam
922 1936 1048 2000 lactuca
1060 1937 1187 2000 innatat
1200 1935 1267 2001 aeri

500 2050 579 2115 Post
594 2047 704 2110 vinum
718 2046 884 2111 stomacho
894 2072 905 2124 3
928 2067 1026 2130 perna
1039 2047 1142 2129 magis
1156 2067 1194 2110 se
1207 2046 1311 2129 magis
1323 2045 1411 2111 hillis
1453 2049 1505 2110 60

502 2157 643 2240 Flagitst
656 2156 829 2220 immersus
843 2155 942 2234 refici,
957 2155 1037 2238 quin
1050 2156 1159 2220 omnia
1172 2156 1275 2234 malit,

503 2268 723 2350 Quaecumque
737 2265 913 2330 immuudia
927 2266 1051 2329 fervent
1065 2266 1162 2330 allata
1174 2266 1309 2350 popinis.

291 2387 489 2441 ocrem-122⁹·
503 2379 562 2440 Est
577 2397 680 2460 operae
695 2377 833 2460 pretium
848 2375 983 2459 rluplieis
1001 2397 1189 2460 pernoscere
1200 2377 1283 2460 juris

502 2487 672 2551 Naturam.
718 2481 859 2570 Simplex
874 2506 892 2549 c
906 2486 993 2552 drrlei
1006 2494 1132 2550 constat
1145 2487 1240 2565 olivo,

505 2597 602 2663 Quod
616 2597 728 2681 pingui
742 2598 876 2662 miseere
890 2619 980 2662 mero
993 2597 1161 2682 muriaque
1175 2598 1309 2678 decebit,
1455 2605 1502 2664 65

504 2709 582 2772 Nou
597 2709 659 2772 ulia
673 2729 770 2791 qnam
785 2729 849 2792 qua
863 2709 1021 2793 Byzantia
1033 2709 1142 2792 putuit
1156 2730 1240 2775 orca.

507 2819 580 2881 Hoc
594 2817 652 2882 ubi
666 2819 835 2883 confusum
849 2819 943 2883 sectis
956 2819 1110 2885 inferbuit
1123 2820 1232 2885 herbis

506 2929 703 3013 Corycioque
718 2950 811 2994 croco
824 2951 970 3013 sparsum
984 2931 1085 3009 stetit,
1100 2930 1230 3015 insuper
1243 2930 1340 2996 addes

507 3041 622 3103 Pressa
635 3039 827 3104 Venafranae
842 3040 929 3124 quod
942 3039 1023 3105 baca
1037 3042 1161 3109 remisit
1175 3043 1275 3109 olivae.

298 3181 478 3226 uacuare
507 3155 633 3219 Picenis
647 3153 766 3220 cedunt
780 3155 884 3238 pomis
898 3155 1045 3223 [libertis
1058 3175 1174 3222 succo:
1460 3163 1505 3225 70

505 3266 595 3329 Nam
609 3265 689 3329 faeie
703 3273 867 3349 praestant.
911 3266 1080 3332 Venucula
1094 3268 1243 3332 convenit
1257 3269 1338 3346 ollis,

508 3378 639 3442 Rectius
653 3377 814 3442 Albanam
828 3378 919 3442 fumo
932 3377 1094 3442 duraveris
1115 3401 1221 3452 uvam.

510 3489 605 3552 Hane
619 3509 678 3570 ego
693 3509 767 3552 cum
781 3489 884 3567 malis
900 3510 960 3572 ago
973 3489 1085 3553 fecem
1098 3488 1220 3573 primus
1234 3498 1268 3554 et
1283 3491 1371 3570 allec,

509 3599 636 3662 Primus
651 3605 685 3662 et
699 3598 843 3663 invenior
857 3599 947 3683 piper
962 3599 1070 3663 album
1084 3621 1159 3664 curn
1173 3601 1239 3665 sale
1253 3602 1345 3685 nigro

509 3709 676 3773 Incretum
690 3709 777 3793 puris
792 3709 1055 3793 circumposuisse
1070 3711 1196 3776 catillis.
1462 3720 1503 3781 75

509 3822 656 3885 Immone
671 3829 720 3884 est
734 3821 847 3884 vitium
863 3821 938 3884 dare
953 3821 1044 3884 milia
1056 3828 1149 3886 terna
1163 3822 1297 3887 macello

510 3934 721 4015 Angustoquc
735 3952 831 4015 vagos
845 3931 947 4016 pisces
960 3952 1074 4014 urgere
1089 3932 1206 3998 catino.

510 4042 634 4125 Magna
646 4050 754 4106 movet
770 4041 936 4106 stomacho
950 4041 1089 4122 fastidia,
1104 4064 1162 4107 sau
1175 4063 1256 4126 puer
1268 4045 1375 4108 unctis

511 4153 674 4219 Praeterit
689 4152 820 4217 calicem
834 4153 994 4231 manibus,
1009 4153 1089 4216 dum
1102 4153 1190 4217 hirta
1203 4153 1325 4237 ligurit,

513 4265 586 4330 Sive
601 4263 704 4348 gravis
718 4263 818 4328 veteri
833 4271 963 4328 craterae
979 4264 1074 4328 limus
1088 4263 1231 4329 adhesit.
1463 4271 1507 4332 80

400 4403 419 4442 a.
429 4403 448 4440 s.
459 4401 490 4441 ro.
512 4376 639 4442 Vilibus
654 4375 688 4439 in
704 4374 818 4459 scopis,
833 4375 869 4438 in
883 4375 1019 4459 mappis,
1035 4375 1070 4439 iu
1084 4377 1179 4441 scobe
1194 4385 1334 4459 quantus

353 4434 358 4444 ,
369 4402 389 4442 s.

372 4451 498 4494 3'1'5'22'
513 4486 668 4552 Consistit
682 4487 852 4569 sumptus?
875 4486 1041 4569 neglectis,
1058 4487 1218 4571 flagitium
1231 4487 1355 4571 iugem·

300 4205 337 4257 aa.
349 4204 370 4245 s.
381 4203 399 4244 r.
409 4205 429 4244 a.
439 4201 471 4242 sr.

300 4413 352 4454 ΜΡ

623 4659 662 4708 51.
682 4671 818 4720 suppones,
832 4654 886 4720 (Ο.)
956 4654 997 4708 73.
1014 4657 1095 4707 halec.
1163 4656 1204 4708 76.
1223 4657 1395 4709 limmancst.
