3450 5667
462 731 745 791 EPISTOLARUM
773 733 850 794 ΠΒ.
881 735 925 792 II.
958 734 978 792 i.
1269 737 1327 790 288

152 897 358 980 Ambigitur
375 895 537 980 quotiens
551 905 623 960 uter
636 903 709 960 utro
723 897 765 960 ait
781 896 878 980 prior,
893 897 997 960 aufert

151 1008 324 1072 Pacuvius
341 1007 446 1070 docti
461 1005 579 1070 famam
595 1006 690 1082 senia,
705 1005 823 1070 Accius
838 1006 906 1084 alti,
1126 1040 1174 1070 m
1184 1029 1205 1070 a.
1215 1031 1234 1070 ι
1245 1030 1305 1071 tat

150 1121 289 1182 Dicitur
305 1118 443 1183 Afrani
459 1125 535 1200 toga
549 1117 729 1182 convenicae
745 1117 936 1194 Menandro,

152 1231 300 1294 Plautus
318 1229 367 1292 ad
386 1227 555 1310 exemplar
571 1226 669 1290 Siculi
684 1247 852 1310 properare
867 1227 1062 1310 Epicharmi,

153 1341 304 1403 Vincere
321 1338 490 1402 Caecilius
504 1337 668 1420 gravitate,
684 1337 850 1402 Terentius
865 1346 944 1400 arte.
957 1380 963 1388 ·

158 1449 233 1512 Hoe
249 1448 382 1513 ediscit
400 1455 436 1512 et
451 1447 510 1510 hoo
525 1453 594 1509 arto
608 1446 725 1527 stipata
739 1421 867 1510 theatro
1128 1453 1160 1492 ⁶2
1171 1450 1197 1491 Β·
1207 1451 1227 1491 ¹·
1237 1451 1268 1490 ¹⁹·
1279 1451 1312 1490 st

160 1562 301 1642 Spectat
318 1559 441 1622 Roma
456 1565 570 1640 potens
579 1582 588 1633 ;
613 1555 711 1619 habet
722 1555 998 1638 hornumeratque
1008 1557 1119 1638 poetae

161 1669 216 1730 Ad
230 1675 401 1731 noetmm
416 1673 544 1748 tempus
559 1665 630 1728 Livi
645 1664 807 1747 scriptoria
821 1663 861 1728 ab
876 1685 954 1728 aevo.

163 1777 350 1842 Interdum
368 1776 487 1858 volgus
502 1781 623 1838 reetum
637 1774 733 1850 videt,
750 1781 799 1837 est
812 1773 868 1837 ubi
883 1781 1004 1856 peccat.

167 1891 202 1950 Si
218 1897 355 1951 veteres
372 1886 425 1948 ita
439 1881 575 1946 miratur
589 1883 759 1966 laudatque
774 1887 895 1966 poetae,

145 2035 146 2042 κ
169 2000 218 2062 Ut
233 1997 325 2058 nihil
342 1993 520 2070 anteferat,
536 1993 617 2056 nihil
630 1993 693 2055 illis
707 2000 890 2074 comparet;
913 2001 1021 2056 errat:

172 2109 207 2170 si
223 2107 389 2189 quaedam
405 2104 502 2166 nimis
517 2103 656 2186 antique,
672 2102 698 2164 ei
713 2103 861 2185 pleraque
877 2102 955 2165 dure
1132 2113 1181 2154 dr.
1191 2113 1213 2154 ⁸.
1221 2114 1240 2154 1.
1250 2115 1300 2154 aa.

171 2218 294 2281 Dicere
310 2216 424 2280 credit
439 2235 503 2292 eoa,
519 2214 631 2296 ignave
645 2213 747 2276 multa
762 2213 889 2289 latetur,

174 2331 218 2391 Et
234 2329 327 2411 sapit
343 2335 382 2390 et
397 2347 523 2389 mecum
538 2325 616 2388 facit
630 2331 663 2387 et
679 2324 757 2387 Jove
769 2323 895 2404 judicat
909 2342 1011 2403 aequo.
1128 2339 1314 2390 saraam

174 2439 254 2502 Non
270 2437 434 2521 equidem
448 2436 586 2498 insector
600 2433 793 2516 delendaque
808 2432 951 2495 carmina
965 2431 1037 2494 Livi

144 2553 156 2612 l
176 2551 256 2612 Esse
272 2569 366 2626 reor,
382 2547 515 2611 memini
530 2567 600 2629 quae
614 2545 779 2628 plagosum
793 2544 875 2608 mihi
896 2561 993 2626 parvo

180 2657 352 2722 Orbilium
367 2657 512 2732 diane,
535 2655 590 2718 oed
605 2655 773 2718 emendata
786 2654 885 2718 videri
1027 2651 1032 2660 ’
1135 2659 1177 2701 ‘¹‘-
1199 2685 1212 2698 ‚,
1222 2659 1242 2747 f
1251 2659 1283 2747 {t
1295 2660 1326 2748 ¹2

182 2767 397 2848 nucemque
412 2773 446 2828 et
460 2764 579 2828 exactis
593 2763 762 2826 minimum
778 2763 931 2826 osmer
943 2762 1063 2840 miro„
1206 2740 1240 2750 ”
1276 2737 1323 2749 ”

184 2879 279 2942 Inter
295 2900 372 2962 quae
386 2877 521 2940 verbum
535 2876 666 2940 emicuit
679 2877 705 2938 ei
720 2875 802 2940 forte
817 2877 967 2939 decorum
982 2885 1016 2940 et

187 2989 222 3051 Si
237 3009 353 3052 verene
368 2987 465 3071 paulo
479 2985 663 3050 concinnior
677 3007 761 3048 unus
775 2995 807 3050 et
823 2987 915 3064 alter,
970 3061 974 3066 ,

144 3101 166 3158 ’5
189 3100 316 3182 lnjuete
332 3107 440 3162 totum
455 3096 544 3160 ducit
558 3097 727 3180 venditque
741 3101 864 3181 poe'ma.

189 3214 353 3298 Indignor
367 3214 537 3296 quicquam
551 3212 748 3296 reprehendi,
766 3233 830 3275 non
845 3212 921 3295 quia
935 3233 1038 3276 craaee

191 3325 417 3409 Compositum
432 3323 596 3406 illepideve
610 3329 750 3406 putetur,
767 3322 822 3386 sed
837 3323 913 3404 quia
928 3344 1032 3406 nuper
1040 3349 1051 3399 ;

192 3435 262 3498 Nec
277 3435 407 3499 veniam
423 3432 573 3515 antiquis,
589 3432 644 3494 aed
659 3431 812 3494 honorem
827 3439 861 3494 et
875 3432 1006 3514 praemia
1018 3431 1116 3514 posci.

196 3545 295 3608 Recte
309 3564 413 3608 necne
428 3563 555 3606 crocum
570 3541 724 3624 floresque
738 3541 938 3624 perambulet
951 3542 1040 3606 Atta

144 3655 178 3716 ΒΟ
197 3656 318 3720 Fabula
333 3655 362 3720 si
377 3654 532 3731 dubitem,
548 3654 686 3717 clament
701 3653 828 3736 periisse
843 3653 997 3736 pudorem

197 3765 313 3829 Cuncti
329 3785 421 3850 paene
434 3771 549 3847 patrea,
564 3783 690 3826 cacum
705 3762 934 3844 reprehendere
948 3785 1055 3842 coner,

200 3875 279 3940 Quae
294 3875 401 3959 gravis
416 3875 564 3957 AEeopus,
580 3894 651 3954 quae
665 3871 778 3936 doctus
794 3873 928 3936 Rouciuo
942 3874 1030 3956 egit:

200 3985 260 4049 Vel
275 3987 354 4069 quia
367 3984 415 4047 nil
429 3991 561 4060 rectum,
577 3982 639 4045 nisi
654 3981 739 4064 quod
753 3981 873 4064 placuit
886 3983 958 4061 eibi,
973 3983 1107 4060 ducunt,

201 4095 260 4158 l'el
274 4096 352 4178 quia
365 4103 459 4176 turpe
473 4099 588 4176 putant
602 4112 712 4174 parere
729 4091 904 4155 minoribus
918 4100 961 4170 et,
977 4114 1050 4175 quae

153 4201 185 4262 85
204 4203 368 4269 lmberbee
383 4203 531 4280 didicere,
547 4222 640 4264 senes
654 4200 815 4284 perdenda
828 4200 932 4266 fateri.

205 4313 274 4376 Jam
290 4314 414 4378 Saliare
427 4313 546 4376 Numae
562 4331 690 4374 carmen
707 4310 761 4392 qui
775 4309 886 4374 laudat
899 4319 934 4374 et
947 4310 1038 4389 illud,

208 4421 296 4486 Quod
310 4441 438 4486 mecum
454 4421 591 4502 ignorat,
607 4419 693 4482 eolus
707 4419 773 4483 volt
787 4420 867 4483 scire
881 4419 991 4498 videri,

207 4529 345 4614 Ingeniia
361 4549 427 4592 non
440 4527 495 4591 ille
509 4529 593 4591 favet
606 4528 791 4614 plauditque
806 4531 948 4613 sepultis,

310 4695 353 4746 55.
371 4695 482 4757 quoties.
550 4693 589 4742 56.
608 4695 705 4744 Attiou.
772 4693 812 4745 76.
830 4695 958 4757 reprendi.
