3450 5667
508 740 742 801 salernam
776 741 846 798 ΜΒ
871 739 918 798 ΙΙ.
947 739 976 797 ii.

202 907 300 974 Unde
315 906 435 972 datum
450 907 559 984 sentis,
574 907 668 990 lupus
682 905 735 970 hic
748 905 917 970 'liberium
930 925 973 968 aa
987 902 1052 967 alto

203 1021 325 1102 Captus
339 1020 424 1097 hiet,
439 1027 593 1102 pontesne
607 1019 692 1081 inter
702 1017 842 1099 jactatus
856 1038 899 1078 an
912 1014 1016 1078 amnis

206 1131 297 1194 Ostia
311 1130 378 1194 sub
393 1129 516 1194 'lbseil
561 1127 699 1205 Laudas,
714 1127 836 1204 insane,
851 1125 1009 1189 trilibrem
1153 1149 1203 1192 raa.
1212 1149 1237 1190 c.
1246 1151 1266 1192 a
1275 1151 1295 1191 r.
1305 1151 1338 1190 aa

205 1239 361 1316 Mullum,
378 1238 415 1302 in
428 1238 554 1321 singula
569 1259 664 1321 quem
678 1237 803 1301 minuas
818 1237 983 1320 pulmenta
995 1255 1122 1299 neeesse

313 1357 377 1412 est.

158 1461 188 1520 35
209 1459 307 1524 Ducit
320 1469 356 1524 te
372 1459 503 1544 species,
518 1457 620 1524 video.
665 1457 738 1524 Quo
751 1458 890 1542 pertinet
904 1479 981 1542 ergo

211 1572 364 1634 Prooeros
378 1570 481 1634 odisse
494 1568 610 1653 lupos?
634 1569 708 1652 quia
722 1569 840 1632 scilieet
854 1569 919 1632 illis

212 1681 372 1764 Maiorem
385 1689 501 1745 natura
514 1679 645 1744 modum
661 1679 759 1758 dedit,
773 1679 824 1743 hia
838 1679 933 1743 breve
946 1678 1082 1764 pondus.

214 1791 234 1852 J
235 1792 349 1872 ejunus
362 1813 435 1854 raro
448 1788 630 1854 stomachus
644 1789 782 1872 volgaria
794 1788 922 1852 temnit.

216 1903 401 1966 Porrectum
415 1923 532 1985 magno
545 1921 697 1984 magnum
712 1907 852 1984 spectare
866 1899 973 1964 catino

161 2013 197 2074 40
216 2013 349 2092 Vellem,
366 2015 412 2077 ait
427 2013 579 2098 Harpyiis
593 2012 668 2096 gula
682 2011 778 2095 digna
790 2011 967 2094 rapacibus.
1011 2011 1058 2074 st
1070 2032 1135 2088 ros,
1148 2007 1227 2099 ¹⁸¹¹}
1236 2007 1285 2099 ᾗῇ
1294 2007 1340 2098 2¹

219 2127 392 2190 Praesentea
404 2125 527 2203 Austri,
544 2123 670 2207 coquite
683 2123 797 2187 horum
819 2123 961 2187 obsonia.
1014 2122 1135 2186 Quam·

319 2258 418 2320 quam

220 2347 314 2410 Putet
329 2369 403 2431 aper
417 2346 631 2429 rhombusque
645 2365 763 2425 reeens,
779 2345 865 2409 mala
877 2343 968 2428 eopia
980 2342 1109 2427 qnando

222 2457 352 2538 AEgrum
366 2457 515 2521 sollicitat
530 2455 739 2534 stomachum,
755 2477 828 2519 oum
842 2455 955 2539 rapula
968 2456 1080 2538 plenus

221 2567 324 2648 Atque
338 2568 443 2631 acidas
458 2567 579 2630 mavult
592 2567 706 2630 inulas.
753 2565 903 2630 Necdum
910 2565 1015 2630 omnis
1024 2565 1136 2630 abacta
1149 2581 1195 2622 aa
1205 2581 1226 2622 a.
1236 2583 1255 2623 a.
1264 2583 1283 2622 e.
1293 2581 1336 2626 u..

171 2677 204 2736 45
224 2678 384 2762 Pauperis·
398 2678 499 2762 epulis
512 2699 642 2760 regum:
665 2698 741 2740 nam
754 2677 870 2740 vilibus
883 2676 950 2740 ovis

224 2788 386 2874 Nigrisque
400 2797 449 2852 est
463 2789 539 2852 oleis
554 2787 646 2854 hodie
659 2788 759 2852 locus.
804 2787 903 2851 Haud
916 2787 965 2850 ita
977 2785 1100 2871 pridem

227 2899 346 2964 Galloni
360 2899 512 2986 pmoonis
526 2905 594 2963 erat
609 2899 787 2982 acipensere
801 2919 912 2962 mensa

226 3011 361 3077 Infamia.
404 3011 517 3080 Quid?
538 3019 610 3075 tum
623 3010 772 3075 rhombos
793 3009 900 3074 minus
921 3031 1049 3094 equora
1071 3009 1134 3075 ale·

323 3123 426 3188 bant?

227 3230 320 3297 ‘lutus
333 3241 399 3300 erat
412 3232 565 3297 rhombus
580 3239 714 3315 tutoque
728 3231 850 3296 eioonia
863 3231 951 3310 nido,

179 3343 213 3402 50
232 3342 330 3408 Donec
343 3367 396 3409 vos
411 3351 521 3408 auctor
534 3343 643 3407 docuit
655 3342 832 3428 praetorius.
877 3343 965 3425 Ergo

234 3453 263 3516 si
277 3455 341 3539 quis
354 3477 439 3520 nunc
453 3475 578 3538 mergos
592 3475 702 3518 suaves
716 3453 850 3518 edixerit
864 3473 960 3530 assos,

230 3564 347 3631 Parebit
359 3567 445 3652 pravi
459 3564 568 3630 docilis
583 3566 727 3630 Romana
738 3565 901 3648 juventus.
1150 3575 1197 3617 doe·
1207 3577 1232 3618 0·
1241 3578 1260 3618 ⁴·
1269 3577 1289 3616 ⁰·
1299 3577 1331 3618 ⁴³·

233 3674 369 3742 Sordidus
384 3698 403 3740 a
416 3675 506 3741 tenui
520 3675 606 3739 victu
619 3673 751 3738 distabit
766 3675 872 3740 Ofella

232 3786 248 3848 J
251 3787 347 3853 udioe:
369 3809 444 3852 uam
458 3787 577 3852 fnmtra
589 3785 702 3850 vitium
716 3785 862 3850 vitaveris
875 3784 965 3865 illud,

184 3895 214 3955 55
234 3897 262 3960 Si
270 3906 303 3963 le
316 3899 377 3964 alio
390 3921 522 3984 pravum
537 3897 714 3962 detorseris.
758 3896 944 3976 Avidienus,

232 4006 284 4071 eni
296 4011 388 4076 Canis
401 4032 440 4075 ex
453 4031 528 4074 vero
542 4009 663 4073 dietum
677 4029 853 4092 cognomen
868 4007 1019 4086 adhaeret,

234 4119 446 4207 Quinquennes
460 4120 544 4184 oleas
559 4126 607 4184 est
622 4128 656 4184 et
670 4117 825 4184 silvestria
839 4139 945 4196 corna,

233 4229 340 4297 denisi
355 4239 515 4296 mutatum
530 4230 630 4314 paruit
644 4228 815 4293 defimdere
828 4229 940 4292 vinum
954 4235 999 4306 et,
1154 4245 1207 4284 m,
1218 4243 1239 4284 a.
1248 4243 1267 4283 a.
1277 4243 1296 4283 a.
1307 4241 1339 4281 so,

233 4339 318 4423 Cujus
331 4343 461 4408 odorem
475 4341 537 4407 olei
550 4361 688 4424 nequeas
703 4339 849 4424 perferre,
865 4338 976 4403 licebit

187 4445 217 4506 60
234 4449 283 4515 Ille
294 4455 421 4540 repotia,
437 4453 560 4518 natales
574 4451 690 4516 aliosve
704 4450 829 4514 dierum

189 4617 217 4666 ³&
230 4622 374 4680 immersat.
442 4625 617 4753 &mulgeas
683 4621 929 4686 ldaequoralebat.
987 4615 1142 4680 sapiam.

599 4703 731 4752 ‚ductum
