3450 5667
500 790 786 849 EPISTULARUM
822 790 900 867 LIB.
930 789 958 848 I.
987 788 1033 846 vii.

233 952 265 1016 si
280 975 330 1018 me
345 953 445 1018 rivere
460 953 507 1018 vis
521 975 634 1018 sanum
649 962 798 1038 recteque
813 954 982 1033 valentem,

233 1065 335 1128 Quam
349 1065 426 1128 mssri
442 1065 498 1129 das
513 1087 610 1149 agro,
627 1065 718 1129 dabis
732 1073 886 1149 aegrotare
899 1065 1039 1142 timenti,

194 1179 211 1234 5
232 1176 396 1254 Maeoenas,
411 1177 548 1255 veniam,
564 1176 642 1239 dum
657 1177 736 1240 ficus
750 1176 854 1260 prima
868 1177 1017 1258 calorque

235 1284 468 1367 Desigualorem
484 1284 612 1348 decorat
626 1285 793 1349 lictoribus
807 1285 896 1363 atris,

234 1395 316 1457 Dum
329 1396 431 1479 pueris
446 1395 551 1459 omnis
565 1403 656 1480 pater
670 1403 703 1458 et
719 1397 894 1460 matercula
908 1397 1015 1480 pallet,

237 1505 435 1590 officiosaque
450 1506 602 1570 sedulitas
616 1514 650 1570 et
664 1507 767 1590 opella
780 1507 916 1572 forensis

235 1615 368 1680 adducit
381 1617 485 1681 febres
499 1625 533 1680 et
547 1623 740 1680 testamenta
751 1618 903 1700 resignat.

185 1727 219 1785 10
238 1727 327 1792 Quod
339 1729 365 1791 si
376 1728 490 1792 bruma
504 1729 591 1791 nives
606 1727 741 1792 Albanis
755 1729 857 1792 illinet
873 1730 967 1812 agris,

238 1836 286 1899 Ad
299 1859 382 1902 mare
396 1838 566 1902 descendet
581 1845 668 1902 vates
684 1844 758 1901 tuus
773 1848 806 1902 et
821 1838 882 1903 sibi
895 1847 1004 1922 parcet

239 1949 479 2033 Contractusque
494 1949 598 2032 leget3
620 1956 663 2027 te,
679 1949 780 2012 dulcis
795 1949 907 2026 amice,
922 1950 1037 2013 reviset

239 2059 314 2122 Cum
328 2060 488 2145 Zephyris,
504 2061 531 2123 si
546 2060 709 2138 concedes,
726 2068 758 2123 et
773 2060 945 2123 hirundine
961 2061 1074 2144 prima.

240 2168 317 2248 Non,
333 2193 393 2254 quo
407 2189 496 2234 more
511 2170 587 2255 piris
601 2171 683 2234 vesci
699 2170 833 2234 Calaber
843 2170 938 2254 jubet
951 2171 1074 2254 hospes,

189 2275 221 2336 15
239 2279 283 2341 'lu
296 2301 343 2344 me
358 2281 459 2345 fecisti
474 2281 675 2365 locupletem.
720 2280 856 2344 Vescera
871 2279 972 2344 sodes.

240 2389 307 2452 lam
320 2391 394 2455 satis
408 2399 466 2455 est.
511 2393 557 2455 At
572 2397 609 2454 tu
623 2397 778 2474 quantum
793 2371 840 2453 iis
855 2390 943 2454 tolle.
987 2391 1142 2474 Benigne.

241 2497 309 2562 Non
322 2499 420 2564 inrisa
433 2500 515 2564 feres
529 2499 634 2584 pueris
649 2500 839 2563 munuscula
854 2500 966 2584 parvis.

241 2606 311 2672 'Pam
324 2618 432 2674 teneor
445 2609 539 2688 dono,
557 2631 653 2694 quam
667 2608 694 2672 si
708 2609 853 2674 dimittar
867 2618 1011 2674 onustus.

243 2719 284 2782 Ut
296 2721 390 2800 libet3
413 2721 481 2785 haec
497 2721 599 2804 porcis
614 2721 707 2785 bodie
723 2720 918 2785 comedenda
931 2722 1099 2804 relinques.

192 2827 225 2886 20
244 2829 385 2916 Prodigus
400 2842 432 2896 et
447 2832 565 2896 stultus
580 2831 688 2910 donat,
705 2853 774 2915 quae
789 2834 910 2916 spernit
923 2841 957 2895 et
970 2832 1057 2910 odit3

245 2937 315 3005 Hac
327 2963 412 3026 seges
426 2943 568 3024 ingratos
583 2943 659 3006 tulit
674 2950 707 3005 et
721 2942 802 3005 seret
816 2942 965 3006 omnibus
979 2943 1082 3007 annis.

244 3049 405 3117 virbonus
419 3063 452 3117 et
466 3053 590 3136 sapiens
604 3052 710 3135 dignis
725 3053 769 3115 ait
783 3073 850 3116 esse
864 3061 1003 3136 paratus,
1169 3075 1214 3126 aa.
1225 3075 1246 3116 s.
1256 3075 1274 3115 1.
1283 3077 1303 3122 a,
1312 3075 1344 3118 u.

245 3159 305 3226 Nee
319 3171 422 3228 temen
437 3164 574 3248 ignorat,
591 3163 669 3246 quid
683 3163 804 3226 distent
818 3184 883 3228 aera
895 3165 1032 3248 lupinis:

246 3271 373 3356 Dignum
386 3275 544 3360 praestabo
560 3295 611 3337 me
626 3273 722 3338 etiam
737 3294 796 3357 pro
810 3274 905 3338 laude
918 3277 1079 3340 merentis.

197 3381 228 3440 25
248 3384 368 3450 Quodsi
382 3409 433 3450 me
448 3386 537 3450 noles
551 3406 687 3468 usquam
703 3383 873 3464 discedere,
889 3386 1002 3451 reddes

248 3495 329 3561 Forte
344 3498 435 3576 latus,
450 3499 558 3580 nigros
573 3505 708 3580 angusta
722 3496 827 3560 fronte
842 3497 981 3580 capillos,

247 3605 357 3672 Reddes
370 3609 460 3672 dulce
473 3608 571 3692 loqui,
588 3606 700 3670 reddes
715 3606 816 3670 ridere
831 3607 980 3673 decorum
995 3619 1029 3674 ct

247 3715 326 3782 Inter
338 3719 408 3784 vina
422 3719 530 3802 lugam
547 3719 672 3782 Cinarae
686 3739 816 3782 maerere
831 3727 994 3802 proterva.

247 3828 329 3895 Forte
342 3853 396 3915 per
410 3839 579 3916 angustam
595 3830 701 3893 tenuis
715 3831 880 3914 volpecula
893 3833 1007 3896 rimam

199 3933 231 3996 30
249 3939 386 4024 sepserat
400 3945 432 4007 in
448 3963 609 4007 cumeram
625 3942 788 4021 frumenti,
804 3950 956 4027 pastaque
970 3968 1079 4011 rursus

248 4048 290 4115 1ae
304 4053 382 4118 foras
396 4055 489 4139 pleno
503 4053 656 4118 tendebat
671 4073 800 4136 corpore
814 4054 953 4135 frustra3

248 4161 299 4226 Cui
311 4167 442 4229 mustela
456 4165 575 4249 procul,
594 4165 628 4226 Si
643 4164 700 4242 vis,
717 4163 772 4243 ait,
788 4165 928 4249 effugere
941 4167 1047 4246 istinc,

248 4269 345 4338 Macra
358 4297 468 4340 cavum
482 4283 606 4359 repetes
622 4281 736 4351 artum,
754 4296 848 4358 quem
864 4299 971 4342 macra
991 4280 1116 4346 subisti.

249 4380 309 4448 Hac
321 4408 376 4470 ego
391 4388 418 4451 si
433 4387 607 4470 compellor
619 4386 771 4469 imagine,
786 4395 903 4452 cuncta
917 4390 1064 4473 resign03
1174 4424 1218 4462 m.
1229 4418 1253 4460 c.
1263 4421 1282 4461 a.
1292 4420 1324 4460 aa.
1333 4420 1365 4460 st

202 4485 231 4548 35
249 4491 307 4560 Nec
320 4521 464 4562 somnum
478 4498 581 4582 plebis
595 4497 690 4562 laudo
704 4506 794 4562 satur
809 4499 958 4579 altilium,
973 4523 1034 4566 nec

249 4603 313 4669 Otia
325 4607 439 4673 divitiis
455 4609 599 4673 Arabum
614 4609 776 4673 liberrima
790 4618 892 4674 muto.

204 4733 219 4778 3.
232 4737 260 4786 vit
269 4749 379 4808 reeteque
392 4747 479 4796 videre
492 4746 628 4795 valentem.
680 4747 720 4794 16.
737 4748 914 4808 quantumvis.
972 4751 1011 4801 18.
1029 4752 1163 4801 honustus.

563 4812 603 4860 29.
621 4813 765 4874 vulpoculu.
