3450 5667
148 1820 180 1933 i.
222 1823 490 1931 HORATI
554 1823 808 1930 FLAGOI
868 1821 1278 1929 srlsroorr.

548 2055 746 2070 ῃ

431 2195 612 2281 LIBER
669 2192 978 2280 SECUNDUS.

674 2369 704 2434 1.

183 2495 247 2559 Con
262 2504 308 2563 tot
322 2502 487 2567 sustineas
502 2507 535 2566 et
548 2507 641 2568 tanta
654 2501 786 2585 negotis
800 2499 898 2578 solus,

184 2604 237 2668 Res
249 2608 344 2673 Italas
359 2611 461 2676 ermis
476 2613 602 2691 tuteris,
616 2612 761 2676 moribus
780 2631 887 2686 ornes,
1117 2625 1170 2656 Μ·
1179 2613 1204 2656 ⁰·
1213 2614 1271 2655 ³¹²¹
1280 2613 1313 2654 ³⁶·

184 2713 307 2796 legibus
320 2721 484 2798 emendes,
499 2721 534 2783 in
548 2721 678 2804 publice
692 2719 861 2785 eommoda
874 2736 1015 2802 peccem,

187 2821 216 2883 Si
226 2823 314 2908 longo
327 2849 477 2894 sermone
492 2849 597 2893 morer
610 2837 668 2893 tue
682 2836 837 2912 tempore,
854 2829 973 2893 onear.

155 2929 169 2986 ὅ
188 2929 324 2999 Romulus
338 2944 371 3001 et
386 2937 489 3003 Liber
501 2945 593 3022 pater
607 2945 641 3001 et
655 2957 730 3002 cnm
744 2937 877 3002 Castore
891 2935 1016 3013 Pollux,

189 3041 253 3104 Post
265 3045 406 3130 ingentis
419 3048 507 3111 fecta
521 3048 653 3112 deornm
668 3047 703 3111 in
716 3047 837 3131 templs
849 3046 981 3130 recepti,

187 3149 261 3218 Dum
274 3163 372 3222 terres
386 3159 621 3242 hominumque
635 3159 747 3222 oolnnt
761 3179 875 3242 genus,
890 3178 1001 3240 aspere
1011 3155 1095 3220 belle

189 3261 386 3348 Conponunt,
401 3290 496 3354 agros
510 3269 685 3352 assignant,
701 3268 818 3353 oppido
830 3267 983 3345 condunt,

190 3371 338 3443 Plorsvere
351 3381 419 3444 suis
433 3401 500 3446 non
513 3379 706 3464 respondere
720 3379 862 3444 favorem

146 3477 175 3538 1⁰
192 3481 341 3564 Speratrnn
354 3491 489 3555 meritis.
534 3491 648 3555 Dirum
663 3489 719 3572 qui
733 3488 879 3554 contudit
892 3487 1029 3574 hydram
1117 3512 1167 3564 m.
1177 3511 1201 3554 c.
1211 3511 1230 3554 s
1240 3514 1259 3553 ι
1268 3512 1302 3555 n.

192 3589 322 3679 Notaque
336 3599 428 3664 fatali
442 3608 590 3683 portenta
604 3599 713 3664 labore
727 3598 865 3682 subegit,

193 3703 338 3788 Comperit
350 3709 505 3774 invidiam
519 3730 670 3794 supremo
684 3709 748 3773 fine
762 3709 897 3773 domari.
1118 3725 1149 3755 ¹²·
1159 3711 1184 3751 ⁰·
1194 3712 1213 3752 ³·
1223 3711 1255 3751 Ἀ
1265 3713 1298 3753 ³²·

196 3809 257 3876 Urit
269 3817 350 3882 enim
363 3819 487 3904 fulgore
501 3841 572 3899 suo,
587 3819 643 3904 qui
657 3826 834 3903 praegravat
848 3827 933 3883 artes

194 3917 270 3987 Infra
282 3948 313 3991 se
327 3931 447 4013 positas
455 3956 465 4010 3
489 3931 666 3995 exstinctus
680 3929 842 3993 amabitur
855 3928 952 3993 idem.

152 4023 179 4084 15
196 4029 329 4100 Presenti
342 4040 403 4104 tibi
417 4047 561 4105 maturos
576 4040 731 4123 largimur
749 4037 889 4102 honores
1114 4052 1202 4106 rra-0·
1212 4055 1232 4095 ³·
1242 4055 1261 4094 ³·
1271 4055 1290 4095 ²·

199 4137 213 4198 J
215 4144 396 4230 urendasque
410 4155 505 4213 tuum
518 4171 576 4234 per
589 4170 707 4214 nomen
721 4148 871 4232 ponimus
885 4168 966 4227 oras,

197 4245 242 4312 Nil
254 4255 405 4322 on'turum
420 4259 509 4339 alias,
525 4260 572 4323 nil
586 4267 695 4324 ortum
709 4259 775 4322 tale
788 4257 937 4322 fatentes.
1119 4277 1150 4318 ¹⁷·
1160 4265 1213 4306 Μ
1224 4267 1243 4307 ²·
1252 4265 1285 4307 ³⁷·

201 4357 252 4424 Sed
263 4371 331 4430 tuus
343 4369 398 4433 hic
411 4370 557 4454 populus,
573 4369 697 4454 sopiens
711 4377 745 4434 et
756 4369 864 4452 justus
878 4369 912 4432 in
926 4390 1003 4447 uno,

199 4465 234 4532 'Fe
244 4479 351 4543 nostris
366 4480 513 4561 ducibus,
528 4487 562 4546 te
578 4480 674 4546 Grais
689 4478 905 4557 anteferendo,

158 4573 186 4632 20
202 4577 294 4651 Cetera
307 4607 507 4676 nequaquam
522 4591 619 4656 simili
633 4591 757 4656 ratione
772 4590 930 4672 modoque

527 4725 566 4776 16.
583 4741 687 4776 nnmen.
