3450 5667
576 750 801 834 carnibus
835 776 913 838 mn.
935 778 998 837 111.
1020 776 1068 835 vn.

339 937 409 1002 Sed
423 938 620 1002 rustioorum
634 938 778 1003 musculo
791 938 933 1005 militum

339 1048 467 1126 Proles,
485 1047 621 1112 Sabellis
635 1047 733 1112 doctu
745 1049 908 1133 ligonibus

386 1159 525 1223 Versnre
539 1158 659 1243 glebas,
676 1167 710 1223 et
724 1181 841 1226 severae

195 1274 244 1335 40
430 1269 790 1336 Metrisudnrbitrium
803 1272 921 1338 recisos

340 1408 478 1471 Portare
492 1406 606 1483 fustes,
621 1406 669 1470 sol
684 1406 741 1470 ubi
756 1408 916 1471 montium

340 1518 493 1581 Mutaret
506 1516 639 1581 umbras
651 1524 687 1581 et
696 1518 778 1602 juge
792 1518 935 1585 demeret

389 1628 498 1693 Bobns
511 1628 667 1712 fatigatis,
683 1629 824 1693 amicum

432 1738 571 1824 Tempus
586 1759 685 1823 egens
700 1740 840 1806 obeunte
854 1762 962 1807 curru.

198 1880 247 1938 45
343 1875 510 1939 Damnose
523 1874 600 1958 qnid
615 1896 684 1939 non
697 1874 861 1940 imminuit
876 1876 944 1940 dies
958 1876 965 1941 l

343 1985 441 2049 AEtss
453 1992 634 2068 parentum,
649 1986 740 2069 pejor
755 1986 831 2064 avis,
846 1986 925 2050 tulit

390 2095 462 2160 Nos
474 2096 655 2179 nequiores,
671 2117 748 2159 mox
764 2098 897 2161 daturos

434 2208 626 2292 Progeniem
639 2207 845 2273 vitiosiorem.

677 2635 760 2699 VII.

349 2784 445 2851 Qum
459 2783 526 2861 fles,
541 2782 682 2859 Asterie,
698 2803 795 2866 quem
809 2780 870 2845 tibi
886 2780 1014 2845 candidi

347 2894 459 2959 Primo
472 2893 645 2957 restituent
658 2914 732 2957 vere
747 2892 891 2971 Favonii,

392 3004 507 3088 'l'byns
518 3025 626 3068 meroe
640 3003 783 3082 beatum,

436 3114 623 3179 Constantis
633 3115 785 3198 juvenem
799 3113 873 3193 fide,

224 3259 248 3317 5
350 3252 494 3335 Gygen?
537 3252 599 3318 Ille
613 3253 711 3318 Notis
724 3261 815 3317 setus
830 3252 872 3317 ud
887 3252 1020 3319 Oricum
1148 3340 1153 3345 Ι

348 3364 431 3427 Post
444 3362 557 3427 means
571 3363 685 3448 (laprae
699 3363 814 3443 ndens,
829 3362 963 3447 frigidus

395 3476 519 3539 Noctes
533 3497 599 3539 non
613 3476 684 3539 sine
697 3475 808 3539 multis

438 3586 601 3651 Insomnis
613 3586 754 3651 lacrimis
768 3586 846 3669 egit.

348 3723 456 3805 Atqui
470 3724 615 3788 sollicitae
629 3723 764 3788 nuntius
778 3722 927 3806 hospite,

198 3845 247 3905 10
350 3836 519 3919 Suspirere
533 3836 669 3914 Chloen,
686 3844 719 3899 et
732 3833 883 3898 miserum
898 3833 965 3898 tuis

394 3948 516 4011 Dioens
530 3948 661 4031 ignibus
675 3946 738 4026 nri,

438 4059 591 4142 Temptet
604 4057 694 4121 mille
708 4057 796 4121 vafer
811 4056 926 4121 modis.

351 4198 403 4261 Ut
418 4194 563 4259 Proetum
578 4192 696 4257 mulier
708 4191 829 4277 perlida
843 4191 1008 4255 credulum

352 4304 457 4370 Falsis
471 4304 638 4388 impulerit
651 4301 840 4367 criminibus
855 4302 952 4366 nimis

195 4434 244 4494 15
397 4421 495 4484 Casto
509 4418 752 4503 Bellerophonti

441 4530 609 4595 Maturare
624 4551 747 4608 necem,
762 4529 870 4593 refert.

351 4665 477 4729 Narrat
491 4686 582 4749 paene
597 4665 709 4729 dutum
724 4664 823 4730 Peles
835 4665 981 4741 Tartaru,

352 4778 564 4859 Magnessam
580 4777 781 4861 Hippolyten
795 4774 873 4837 dum
888 4773 972 4856 fugit
988 4770 1169 4837 abstinens:

1136 4883 1156 4930 G
1176 4886 1191 4930 2
