3450 5667
601 726 772 785 cronon
797 728 897 786 κνιι.
1062 696 1067 707 ’
1291 730 1346 791 rer

242 898 309 978 los,
324 900 434 984 quibus
447 910 498 967 est
511 902 623 981 urtna,
638 902 828 968 muliebrem
841 902 945 968 tollite
959 903 1093 982 luctum,
1146 926 1185 969 ur.
1195 924 1221 971 a
1231 926 1250 971 1.
1259 924 1291 969 ra
1300 926 1321 969 a

174 1007 209 1066 40
277 1009 403 1074 Etrusca
414 1018 532 1095 praeter
545 1020 579 1076 et
592 1011 696 1077 volate
708 1012 814 1077 litora.

243 1117 303 1181 Nos
315 1130 418 1184 manet
431 1122 581 1186 Oceanus
595 1121 835 1205 circumvagos:
858 1142 944 1203 arca,
958 1121 1053 1186 beata

279 1228 420 1295 Petamus
434 1252 511 1295 arva
524 1230 640 1295 divites
654 1240 687 1295 ct
699 1231 840 1309 insulan

244 1335 347 1401 Reddit
358 1339 413 1403 ubi
426 1340 580 1403 Cererem
593 1337 691 1402 tellus
703 1338 827 1403 inarata
839 1338 1024 1423 quotannis,

279 1446 319 1511 Et
330 1447 484 1533 imputata
497 1448 591 1513 floret
604 1469 706 1532 usqne
718 1450 830 1528 vinem

180 1554 212 1611 ⁴5
247 1554 395 1621 Germinat
407 1566 440 1623 et
454 1544 635 1642 numquam
648 1559 787 1623 fallentis
800 1566 919 1625 termes
933 1558 1035 1640 oliroe,
1143 1566 1188 1617 Μ·
1198 1567 1223 1611 0·
1232 1570 1252 1611 ³·
1262 1566 1280 1609 ¹·
1289 1570 1322 1611 ³⁰·
1362 1596 1365 1602 ·

282 1666 430 1750 Suamque
442 1668 534 1752 pulla
546 1668 628 1732 ficus
641 1674 736 1733 ornat
750 1668 897 1733 arborem
907 1694 919 1746 ;

247 1770 333 1836 Mella
343 1795 416 1839 cara
428 1786 565 1840 manant
579 1798 618 1842 ex
631 1778 715 1857 ilice,
730 1778 895 1843 montibus
909 1778 982 1842 altis

282 1883 366 1947 Leria
379 1895 529 1969 crepante
542 1887 675 1972 lympha
689 1886 797 1952 desilit
809 1887 902 1971 pede.

248 1989 309 2054 illic
320 1993 441 2077 injussae
455 1996 591 2060 veniunt
604 1997 646 2061 ad
659 1998 797 2065 mulctra
810 1996 951 2081 capelle,

186 2098 217 2157 50
284 2096 908 2189 Metquetentagrexamicnsnbera:

248 2210 309 2277 Nec
318 2217 509 2299 vespertinus
522 2216 744 2298 circumgemit
757 2236 851 2279 ursus
866 2214 960 2294 ovile,

283 2321 346 2387 Nec
357 2325 541 2390 intumescit
555 2325 621 2389 alta
633 2324 751 2409 viperis
764 2324 894 2389 humus.

250 2430 388 2517 Pluraque
399 2435 507 2500 felices
520 2434 728 2512 mirabimur;
749 2442 788 2498 ut
800 2456 906 2519 neque
919 2434 1016 2520 largis

284 2544 417 2627 Aquoaua
430 2548 539 2611 Eurus
553 2568 628 2610 arva
640 2545 732 2610 radat
745 2545 912 2625 imbribus,
1147 2570 1179 2614 ts.
1188 2563 1213 2606 c,
1222 2566 1242 2607 s.
1252 2564 1283 2608 tt.
1293 2564 1326 2609 ιι.

190 2648 220 2708 55
252 2650 370 2735 Pinguia
379 2677 438 2721 nee
450 2657 544 2720 siccis
557 2663 693 2719 urantur
706 2656 830 2720 semina
843 2656 944 2739 glebis
955 2682 966 2738 ς

286 2762 753 2851 Utrumqneregetemperante
767 2766 918 2832 caelitum.
1146 2788 1314 2841 sacam.

251 2868 316 2935 Non
326 2872 384 2939 huc
395 2878 504 2960 Argoo
518 2874 685 2941 contendit
698 2875 819 2959 remige
832 2875 938 2959 pinus,

286 2981 387 3067 Neque
399 2985 559 3071 impudica
573 2984 701 3051 Colchis
715 2985 828 3049 intulit
841 2985 976 3069 pedem;
1146 3002 1302 3055 cainam.

254 3088 317 3154 Non
327 3092 385 3159 huc
398 3096 520 3161 Sidonii
534 3101 698 3159 torserunt
712 3116 831 3160 cornua
840 3104 959 3174 naute,

193 3194 224 3255 60
288 3198 442 3269 laboriosa
454 3225 515 3270 nec
529 3204 642 3269 cohors
656 3204 775 3270 Ulixei.
1148 3212 1180 3254 ⁶⁰·
1191 3212 1217 3255 Β·
1226 3213 1247 3257 ¹·
1255 3214 1275 3255 ⁸·
1284 3215 1319 3257 ω·

254 3308 338 3375 Nulla
348 3324 458 3380 nocent
470 3316 578 3401 pecori
592 3314 751 3399 contagia,
765 3315 886 3380 nullius
900 3316 979 3381 astri

288 3423 410 3506 Gregem
423 3434 560 3490 estnosa
571 3432 675 3489 torret
688 3426 887 3510 impotentia.
1145 3422 1336 3525 fflfgiggfg

255 3527 379 3613 luppiter
391 3536 519 3621 illapiae
534 3536 669 3599 secrevit
682 3535 778 3599 litora
791 3536 891 3620 genti,
1146 3550 1179 3599 ⁶³·
1188 3548 1212 3589 ⁰·
1222 3548 1241 3591 ¹·
1253 3550 1284 3592 1³·
1293 3552 1326 3595 2³.

288 3642 330 3705 Ut
341 3645 512 3729 inquinavit
526 3668 589 3713 aere
602 3656 731 3731 tempus
745 3668 878 3713 aureum
891 3672 898 3712 :

195 3740 224 3803 65
256 3748 328 3831 AEre,
339 3750 448 3821 debinc
460 3758 545 3822 ferro
558 3756 686 3820 duravit
700 3758 838 3835 sreou1a3
860 3778 997 3843 quorum
1066 3810 1076 3819 .
1147 3768 1196 3810 det·
1206 3768 1232 3811 A·
1243 3768 1266 3810 Ρ.
1276 3768 1321 3811 14*

289 3860 345 3927 Piis
357 3868 498 3947 munda,
513 3874 587 3931 vate
600 3887 665 3945 me,
680 3866 775 3930 datur
787 3866 874 3950 fuga.

580 4248 695 4315 XVII.

289 4392 348 4457 lau
359 4395 423 4477 jam
436 4397 555 4463 efficaci
568 4397 611 4461 do
625 4418 740 4461 manus
753 4396 895 4461 scientie

290 4500 422 4588 Supplex,
436 4518 469 4572 et
483 4528 541 4572 oro
555 4528 655 4591 regna
668 4528 726 4591 per
741 4508 948 4591 Proserpinae,

376 4683 412 4734 57.
429 4686 470 4734 Al.
488 4702 511 4735 v.
523 4686 565 4735 61.
575 4689 636 4748 poet
648 4686 688 4735 56.
754 4686 796 4737 61.
814 4686 905 4735 samri.
