3450 5667
707 739 739 815 ρ.
760 737 922 799 nonan
936 741 1081 801 macor

650 903 767 970 Certus
780 904 927 970 undenos
941 905 1046 972 decies
1059 927 1116 992 per
1130 929 1231 974 ennos

649 1014 746 1079 Orbis
760 1024 799 1081 ut
814 1023 929 1082 cantus
942 1018 1123 1104 referetque
1137 1020 1241 1102 ludos,

647 1125 711 1190 Ter
725 1125 777 1192 die
790 1127 888 1207 claro,
903 1128 1086 1212 totiensque
1101 1138 1194 1214 grata

819 1239 929 1303 Nocte
943 1238 1137 1323 frequentes.

647 1370 780 1455 Vosque
792 1393 920 1438 veraces
935 1373 1098 1455 cecinisse,
1113 1377 1234 1456 Purcae,

649 1481 747 1548 Quod
760 1483 860 1547 semel
874 1483 998 1548 dictum
1012 1492 1071 1563 est,
1087 1485 1273 1571 stabilisque
1286 1508 1395 1554 rerum

647 1593 818 1658 Terminus
832 1601 947 1675 servat,
962 1594 1047 1660 bona
1058 1596 1128 1681 jem
1142 1597 1280 1683 peractis

822 1704 958 1790 lungite
972 1704 1049 1771 fata.

647 1839 777 1903 Fertilis
790 1838 922 1924 furgum
937 1840 1129 1926 pecorisque
1138 1842 1246 1909 'lellus

647 1951 761 2035 Spicea
774 1951 874 2017 donet
888 1953 1038 2018 Cererem
1053 1974 1190 2020 corona:

647 2063 806 2128 Nutriant
820 2063 906 2128 fetus
921 2071 954 2128 et
969 2084 1062 2148 squoe
1077 2064 1229 2145 salubres,

819 2175 865 2240 Et
879 2175 902 2239 J
902 2173 970 2238 ovis
985 2194 1080 2240 eurae.

646 2307 785 2376 Condito
799 2308 889 2373 mitis
903 2309 1110 2394 placidusque
1124 2309 1190 2375 telo

645 2419 813 2503 Supplices
828 2419 904 2485 sudi
918 2440 1043 2504 pueros,
1060 2421 1199 2504 Apollo:

648 2529 797 2594 Siderum
810 2530 924 2614 regina
941 2529 1087 2611 bicornis,
1103 2531 1190 2611 audi,

803 2640 925 2742 lune,
940 2641 1071 2725 puellas.

645 2779 751 2844 Roma
764 2778 793 2841 si
805 2785 952 2843 vestrum
966 2786 1016 2844 est
1030 2799 1122 2864 opus,
1138 2779 1276 2864 Iliaeque

644 2889 739 2955 Litus
752 2889 928 2954 Etruscum
938 2895 1075 2958 tenuere
1088 2897 1216 2968 turmae,

645 3001 666 3065 J
667 3021 741 3064 usse
754 3019 828 3085 pars
842 3006 969 3064 mutare
984 3000 1082 3065 Lares
1097 3008 1131 3065 et
1146 2999 1259 3066 urbem

818 3109 946 3194 Sospite
962 3129 1077 3175 cursu:
1146 3135 1149 3142 ·

642 3247 705 3312 Cui
718 3268 775 3332 per
789 3245 957 3312 ardentem
971 3246 1040 3310 sine
1055 3244 1168 3311 fraude
1182 3247 1313 3330 lrojem

642 3360 759 3424 Castus
772 3357 892 3421 AEnees
906 3355 1019 3441 petriae
1033 3362 1193 3439 superstes

641 3472 797 3538 Liberum
810 3469 950 3536 munivit
963 3469 1037 3549 iter,
1052 3468 1186 3534 daturus

812 3583 912 3647 Plura
926 3581 1047 3646 relictis
1061 3606 1067 3645 :

639 3721 695 3800 Di,
710 3721 827 3806 probos
841 3739 946 3784 mores
961 3717 1058 3782 docili
1069 3717 1222 3801 juventae,

639 3832 695 3912 Di,
710 3829 868 3896 senectuti
882 3828 1016 3914 placidae
1030 3827 1183 3911 quietem,

640 3942 787 4008 Romulae
801 3940 892 4025 genti
905 3939 980 4004 dete
994 3959 1126 4022 remque
1141 3938 1326 4023 prolemque
1449 4002 1452 4014 ,

811 4051 856 4114 Et
870 4049 967 4112 decus
980 4068 1087 4113 omne.

638 4187 784 4269 Quaeque
797 4206 853 4249 ros
867 4183 970 4248 bobus
985 4190 1155 4248 veneratur
1169 4181 1249 4248 albis

638 4297 753 4363 Clarus
767 4295 919 4360 Anchisae
933 4293 1132 4379 Venerisque
1147 4291 1287 4376 sanguis,
1463 4295 1507 4357 50

638 4409 803 4492 lmpetret,
819 4405 960 4470 bellante
974 4403 1070 4488 prior,
1083 4404 1246 4487 jacentem

809 4515 908 4580 Lenis
923 4513 958 4579 in
972 4513 1110 4581 hostem.

530 4679 742 4732 &toletanam
809 4675 958 4726 erasme
1024 4671 1254 4723 creseus-umal.
1322 4671 1362 4721 le.
1375 4670 1478 4733 quique.

913 4740 954 4791 51.
964 4739 1083 4802 imperet.
