3450 5667
784 720 819 793 Q.
841 720 1003 778 nonan
1019 719 1165 779 mcor

704 886 910 949 Crescentem
928 885 1077 968 sequitur
1090 906 1166 949 curs
1180 885 1368 969 pecuniam,

703 996 935 1081 Majorumque
949 998 1060 1061 fumes.
1106 998 1128 1061 J
1129 1018 1188 1061 ure
1202 996 1376 1081 perhorrui

702 1108 786 1173 Lete
799 1108 1012 1193 conspicuum
1027 1108 1139 1173 tollere
1154 1110 1321 1186 verticem,

745 1219 922 1297 Maecenas,
939 1220 1086 1303 equitum
1102 1220 1209 1284 decus.
1525 1220 1558 1279 20

702 1356 836 1423 Quanto
850 1356 987 1441 quisque
1002 1356 1063 1421 sibi
1079 1355 1172 1441 plura
1185 1358 1366 1439 negaverit,

701 1468 757 1533 Ab
771 1466 822 1531 dis
836 1467 929 1553 plura
943 1466 1035 1532 seret.
1083 1467 1140 1532 Nil
1155 1466 1359 1552 cupientium

701 1578 821 1641 Nudus
834 1588 940 1643 essm
953 1586 1039 1663 peto,
1055 1586 1089 1642 et
1103 1578 1270 1663 transfugo
1284 1578 1426 1643 divitum

747 1691 861 1754 Partes
875 1688 1020 1773 linquere
1035 1688 1159 1773 gastim

703 1820 909 1904 Contemptae
923 1820 1074 1884 dominns
1088 1819 1282 1905 splendidior
1296 1820 1359 1899 rei,

704 1932 813 1999 Quem
827 1932 866 2009 si,
883 1930 1041 2016 quidquid
1055 1939 1125 1995 eret
1140 1931 1277 2016 impiger
1291 1932 1434 2017 Apulus,

704 2043 876 2108 Occulturc
892 2043 972 2105 meis
986 2041 1110 2106 dicerer
1124 2042 1258 2121 horreis,
1592 2040 1593 2131 i

746 2156 887 2237 Magnus
901 2154 987 2219 inter
1001 2176 1077 2239 opes
1092 2154 1194 2239 inops.
1593 2173 1594 2245 i

704 2292 800 2355 Purae
815 2290 903 2355 rivus
917 2312 1019 2374 aque,
1037 2291 1180 2375 silvaque
1191 2290 1347 2375 jugerum

706 2402 898 2481 Paucorum,
914 2410 947 2466 et
961 2402 1078 2485 segetis
1093 2410 1182 2466 certe
1196 2402 1275 2466 fides
1289 2424 1384 2481 mete,

705 2512 898 2595 Fulgentem
913 2512 1048 2597 imperio
1062 2512 1178 2577 fertilis
1192 2512 1311 2577 Africoe

748 2624 846 2688 Fullit
860 2632 947 2689 sorte
962 2624 1095 2689 beatior.

705 2760 913 2845 Quemquam
929 2782 989 2825 nec
1004 2762 1150 2827 Celebrae
1165 2762 1261 2827 mella
1275 2760 1389 2825 serunt
1404 2780 1486 2845 spes,

704 2873 778 2937 Nec
791 2874 1016 2958 Lestrygonia
1030 2872 1177 2937 Bacchus
1191 2872 1226 2937 in
1240 2871 1399 2956 amphora

706 2984 902 3068 hangueoeit
916 2984 1008 3063 mihi,
1024 3005 1084 3049 uec
1098 2984 1232 3068 pinguia
1247 2984 1387 3049 Gallicis
1534 2980 1569 3041 35

751 3098 909 3163 Crescunt
923 3096 1040 3160 vellere
1053 3096 1192 3179 pascuis,

708 3234 900 3317 Importuns
914 3238 1025 3295 tamen
1040 3230 1215 3315 Pauperies
1229 3229 1339 3309 abest3

707 3344 797 3424 Nec,
805 3345 833 3407 ei
847 3344 941 3428 plura
955 3342 1062 3420 velim,
1078 3349 1116 3405 tu
1131 3340 1207 3405 dure
1222 3340 1372 3425 deneges.

708 3456 883 3521 Contrecto
898 3452 1012 3517 melius
1027 3474 1123 3537 parve
1137 3452 1286 3536 cupidine

750 3566 932 3651 Vectigalis
946 3564 1105 3649 porrigam
1108 3612 1118 3642 ,

709 3705 816 3771 Quem
831 3701 860 3766 si
874 3699 1062 3786 Mygdoniis
1077 3720 1214 3783 regnum
1228 3698 1375 3783 Alyattei

708 3814 838 3900 Campis
852 3812 1048 3879 continuem.
1093 3810 1203 3874 Multa
1217 3808 1408 3894 petentibus

709 3930 837 3995 Desunt
850 3924 974 3989 multer
997 3921 1079 3986 bene
1094 3928 1143 3985 est
1158 3920 1211 3984 cui
1226 3921 1315 3985 Deus
1330 3919 1458 3985 obtulit

753 4040 865 4116 Percu,
881 4033 966 4120 quod
982 4032 1060 4097 setis
1075 4039 1136 4111 est,
1150 4052 1260 4096 manu.

1022 4374 1137 4440 XVII.

710 4521 800 4597 AEur,
814 4520 940 4583 vetusto
955 4512 1070 4577 nobilis
1085 4508 1125 4574 eb
1141 4510 1254 4586 Lamo,

711 4628 849 4703 Quando
865 4636 897 4694 et
913 4625 1031 4712 priores
1045 4622 1122 4687 hine
1137 4619 1266 4685 Lamias
1281 4618 1389 4684 ferunt

974 4764 1013 4812 4³.
1028 4762 1148 4811 ibcuest.
