3450 5667
472 725 757 784 EPISTOLARUM
787 727 866 784 ΜΒ.
893 729 921 786 Ι.
945 747 991 786 xv.

175 888 371 955 Mutandns
385 889 476 954 locus
489 897 539 954 est
552 897 586 953 et
599 887 781 954 deversoria
794 899 887 957 nota·

173 997 574 1082 Praetersgendusequus.
598 1000 812 1067 Quatendis?
835 1003 913 1066 Non
921 1003 1125 1067 mihiCumus

173 1114 237 1175 Est
251 1111 323 1176 iter
336 1119 395 1176 sut
408 1111 516 1190 Baias,
532 1113 612 1178 laeva
624 1112 845 1178 stomachosus
860 1113 987 1178 habena

175 1223 277 1286 Dicet
292 1243 415 1306 eques;
439 1222 496 1286 sed
510 1223 583 1306 equi
597 1223 723 1288 hausto
738 1231 788 1288 est
802 1225 890 1288 auris
904 1225 939 1288 in
954 1226 1033 1308 ore.)

177 1333 293 1416 Major
310 1341 421 1396 utrum
437 1333 589 1418 populum
605 1333 759 1398 frumenti
775 1336 867 1419 copia
880 1343 1000 1419 paseat,

153 1473 157 1503 ι
180 1444 387 1508 Collectosne
401 1444 516 1508 bibant
530 1444 649 1508 imbres
662 1452 818 1528 puteosne
837 1467 994 1530 perennes

182 1554 278 1637 Jugis
294 1575 388 1638 aquae
397 1579 408 1632 5
436 1554 523 1636 (nam
537 1554 612 1616 vina
625 1552 706 1616 nihil
720 1575 828 1618 moror
841 1554 929 1618 illius
948 1576 1034 1620 oroe:
1101 1604 1107 1612 .

182 1667 272 1729 Rure
287 1686 364 1730 meo
377 1685 506 1748 possum
523 1664 648 1747 quidvis
663 1665 801 1749 perferre
815 1665 967 1749 patiqn03
1135 1682 1336 1772 '‘-W-clssllll

185 1776 237 1838 Ad
251 1797 345 1839 mare
359 1797 433 1839 cum
449 1774 531 1853 veni,
548 1795 739 1857 generosum
754 1782 788 1839 et
801 1777 873 1840 lene
886 1776 1025 1859 requiro,

188 1885 285 1950 Quod
301 1906 395 1948 curas
410 1885 528 1967 abigat,
545 1885 629 1967 quod
645 1905 720 1968 oum
735 1907 790 1968 spe
804 1885 902 1950 divite
915 1894 1027 1951 manet

153 1997 167 2056 l
188 1996 228 2058 In
244 2016 343 2058 venas
357 1994 564 2077 animumque
580 2016 700 2074 meum,
717 1995 802 2078 quod
816 1997 914 2061 verba
927 1997 1100 2075 ministret,

188 2105 284 2172 Quod
299 2127 353 2168 me
367 2104 507 2168 Lucanae
518 2107 671 2189 juvenem
686 2106 892 2170 commendet
906 2107 1016 2171 amicae
1027 2109 1050 2190 3)

187 2219 325 2280 Tractus
338 2223 412 2280 uter
425 2216 516 2299 plura
531 2217 663 2300 lepores,
677 2225 753 2280 uter
767 2217 883 2281 educet
897 2239 1000 2301 apros,
1138 2254 1187 2294 apr.
1198 2243 1219 2284 s.
1229 2245 1248 2284 a
1257 2245 1277 2283 a.
1290 2245 1310 2284 s.

190 2329 273 2391 Utra
288 2327 391 2410 magis
406 2327 508 2410 pisces
523 2334 557 2390 et
571 2327 700 2391 echinos
716 2349 842 2412 aequora
857 2329 972 2408 celent,
1137 2359 1182 2400 αι,
1195 2359 1234 2410 sp,
1244 2361 1262 2398 s.
1273 2359 1304 2400 a.

192 2437 326 2522 Pinguis
340 2445 377 2500 ut
391 2434 466 2499 inde
482 2435 614 2500 domum
628 2437 747 2520 possim
765 2437 942 2522 Phaeaxque
956 2439 1082 2519 roverti,
1139 2411 1238 2502 raeiri]
1247 2413 1268 2501 i
1274 2413 1303 2500 ps
1303 2440 1336 2501 ie.

155 2551 170 2608 5
194 2548 339 2612 Scribere
353 2554 386 2611 te
400 2546 505 2625 nobis,
519 2546 580 2610 tibi
594 2568 653 2610 nos
668 2547 832 2612 accredere
846 2571 906 2632 par
919 2557 979 2615 est.

193 2659 345 2738 hirenius,
360 2665 398 2722 ut
412 2659 508 2722 rebus
522 2658 675 2722 maternis
690 2665 785 2741 atque
799 2661 941 2742 paternis

194 2769 332 2833 Fortiter
347 2767 524 2852 absumptis
538 2767 680 2832 urbanus
695 2769 791 2852 coepit
805 2769 930 2848 haberi,

197 2881 312 2943 Scurra
325 2901 433 2962 vagus,
449 2899 514 2943 non
529 2878 722 2962 quicertum
737 2901 878 2964 praesepe
892 2888 1026 2959 tonaret,
1225 2904 1244 2992 i'
1268 2935 1273 2943 .
1296 2905 1315 2943 s.

1272 2957 1319 2994 ,5.

1138 2916 1183 2946 m.
1194 2903 1215 2942 fl.

1138 2968 1182 2996 cer.
1194 2956 1218 2994 Β.

197 2991 381 3074 Impransus
395 3011 461 3053 non
477 2989 533 3072 qui
547 2989 649 3053 civem
664 2989 842 3054 dinosceret
855 2991 958 3070 hoste,

154 3100 179 3158 ιθ
200 3099 357 3166 Quaelibet
371 3101 405 3163 in
421 3099 564 3182 quemvis
578 3099 747 3183 opprobria
761 3101 881 3184 fingere
895 3123 1007 3179 savus,

199 3211 356 3274 Pernicies
370 3217 403 3273 et
418 3217 592 3293 tempestas
606 3210 856 3294 barathrumque
871 3213 1007 3292 macelli,

201 3321 362 3412 Quidquid
377 3321 556 3405 quaesierat,
571 3322 675 3385 ventri
690 3321 830 3386 donabat
845 3343 952 3387 avaro.

203 3431 273 3512 llic,
290 3433 345 3498 ubi
360 3433 510 3516 nequitiae
524 3433 702 3498 fautoribus
716 3441 750 3498 et
764 3434 886 3498 timidis
907 3435 955 3498 nil

202 3547 266 3607 Aut
279 3545 411 3628 paulum
426 3543 612 3623 abstulerat,
627 3545 752 3628 patinas
768 3545 903 3610 cenabat
917 3548 1030 3626 omasi,

154 3653 183 3712 55
203 3653 281 3718 Vilis
294 3665 327 3720 et
343 3656 478 3740 agninae,
493 3655 596 3720 tribus
611 3655 692 3719 ursis
707 3655 793 3739 quod
808 3657 886 3721 satis
901 3667 1008 3735 asset;

205 3765 329 3832 Scilicet
342 3775 380 3830 ut
394 3774 521 3831 ventres
535 3767 644 3830 lamna
658 3766 815 3832 candente
830 3777 984 3852 nepotum

205 3875 329 3942 Diceret
343 3877 489 3955 urendos,
506 3885 664 3942 corrector
679 3879 818 3944 Bestius.
862 3880 957 3944 Idem

206 3987 366 4072 Quidquid
380 3997 449 4053 erat
462 3995 575 4052 uectus
590 3988 703 4072 praedae
717 3989 856 4073 majoris,
873 3991 929 4055 ubi
949 4012 1043 4056 omne

206 4097 334 4164 Veterat
348 4100 381 4163 in
396 4101 521 4164 furnum
536 4108 569 4163 et
585 4100 735 4179 cinerem,
750 4101 828 4164 Non
842 4101 972 4166 hercule
986 4103 1096 4180 miror,

156 4207 191 4268 lo
208 4211 328 4289 Aiebat,
344 4211 370 4274 si
385 4211 439 4295 qui
454 4211 626 4275 comedunt
640 4210 735 4289 bona,
751 4231 824 4294 oum
840 4213 883 4276 sit
904 4213 1001 4278 obeso
1144 4251 1197 4282 soa,
1208 4239 1228 4280 s.
1240 4239 1257 4280 1.
1267 4239 1315 4278 aa.

208 4320 261 4383 Nil
276 4317 387 4386 melius
402 4321 508 4399 turdo,
523 4321 570 4384 nil
585 4321 675 4384 volva
689 4322 851 4405 pulchrius
867 4321 982 4409 ampla'.

209 4429 364 4496 Nimirum
377 4431 431 4495 hio
445 4453 506 4516 ego
520 4453 591 4494 sum
603 4457 613 4510 ;
636 4452 711 4494 nem
726 4440 798 4496 tuta
811 4442 844 4497 et
859 4434 990 4517 parvula
1002 4433 1109 4512 laudo,

210 4541 287 4604 Cum
301 4563 352 4606 res
367 4541 530 4620 deficiunt,
547 4542 623 4606 satis
638 4543 722 4608 inter
736 4544 809 4607 vilia
822 4544 936 4622 fortis;

191 4679 223 4726 1⁰.
238 4681 384 4732 diversoria
432 4673 437 4686 ⁸
454 4683 495 4730 1³.
512 4682 603 4743 equis;
622 4681 782 4731 lirenstoat.
857 4686 898 4733 29.
915 4684 1088 4748 dignosceret.

431 4747 471 4797 ³7.
491 4753 631 4797 correctus.
698 4751 841 4798 41.vu1m.
