3450 5667
755 751 788 827 Q.
812 751 971 812 nomm
998 753 1142 813 rnnocl

569 919 755 1004 Insequcria
768 925 880 986 tamen
895 919 982 985 hunc
997 929 1031 985 ct
1044 921 1103 985 lite
1117 920 1251 984 moraris
1265 920 1383 1004 iniqua

570 1029 647 1096 Dixi
660 1031 857 1115 mepigrum
872 1032 1084 1116 proficiscenti
1098 1031 1168 1110 tibi,
1183 1031 1251 1096 dixi
1492 1026 1521 1087 20

569 1137 700 1202 Talibus
714 1138 825 1204 officiis
838 1161 937 1225 prope
952 1161 1114 1220 mancum,
1128 1162 1171 1205 ne
1184 1162 1257 1205 mec
1271 1163 1370 1206 semu

570 1249 591 1312 J
594 1269 725 1332 urgeres
739 1249 782 1312 ad
794 1257 829 1313 te
843 1249 930 1332 quod
945 1251 1081 1334 epistola
1093 1251 1182 1315 nulla
1195 1251 1323 1316 rediret.

571 1358 659 1424 Quid
672 1366 745 1422 tum
758 1359 890 1442 profeci,
906 1379 1033 1424 mecum
1047 1359 1197 1426 facientia
1207 1361 1283 1444 jura

571 1467 607 1530 Si
621 1473 733 1532 tamen
746 1467 954 1550 adtemptas?
999 1468 1151 1534 Quereris
1165 1489 1263 1552 super
1276 1467 1335 1532 boc
1354 1468 1448 1542 etiam
1460 1457 1520 1546 quod

569 1579 763 1662 Exspectata
776 1577 838 1642 tibi
851 1599 917 1643 non
931 1577 1060 1642 mittam
1075 1579 1220 1644 carmine
1233 1579 1375 1643 mendax.
1491 1573 1521 1633 25

570 1685 699 1750 Luculli
712 1687 804 1751 miles
818 1687 953 1752 collecta
966 1687 1082 1751 viatica
1096 1686 1208 1750 multis

570 1795 748 1873 AErumnis,
763 1795 864 1860 luanus
879 1795 958 1860 dum
973 1805 1072 1860 noctu
1086 1797 1204 1874 stertit,
1220 1795 1261 1860 ad
1275 1815 1371 1858 assem

570 1905 778 1986 Perdiderat3
801 1907 952 1992 posthoc
967 1907 1137 1972 vehemens
1150 1907 1246 1991 lupus
1261 1913 1293 1971 et
1305 1905 1362 1969 eibi
1374 1911 1405 1966 et
1421 1897 1488 1962 hosti

570 2017 679 2080 Iratus
690 2017 821 2101 pariter,
832 2018 955 2103 jejunis
969 2017 1119 2082 dentibus
1133 2038 1217 2095 acer,

569 2127 758 2192 Presidium
771 2128 878 2211 regale
893 2127 963 2192 loeo
976 2127 1106 2210 dejecit,
1121 2136 1159 2192 ut
1173 2127 1273 2206 aiunt,
1486 2114 1517 2176 ³⁰

569 2237 702 2300 Summe
716 2235 842 2300 munito
856 2243 890 2300 et
904 2235 1080 2299 multarum
1094 2235 1193 2300 divite
1207 2258 1321 2302 rerum.

568 2345 682 2411 Clarus
694 2345 737 2410 ob
751 2345 784 2408 id
798 2345 921 2408 factum
936 2344 1027 2409 donis
1038 2353 1171 2410 ornatur
1185 2346 1341 2423 honestis3

565 2455 696 2540 Accipit
710 2462 744 2520 et
757 2455 807 2520 bis
820 2455 905 2546 dena
918 2476 1013 2540 super
1026 2455 1174 2519 sestertio
1187 2477 1360 2520 nummum.

567 2567 664 2631 Forte
677 2564 738 2630 snb
753 2566 815 2631 hoc
828 2573 957 2650 tempus
972 2565 1138 2630 castellum
1153 2574 1292 2630 evertere
1305 2571 1407 2650 pretor

565 2675 686 2740 Nescio
700 2674 786 2758 quod
800 2674 932 2758 cupiens
946 2673 1068 2738 hortari
1083 2673 1181 2758 coepit
1196 2675 1328 2740 eundem
1481 2661 1511 2722 3⁵

565 2786 694 2866 Verbis,
709 2806 781 2870 qum
795 2784 909 2848 timido
923 2803 1050 2867 quoquc
1065 2790 1194 2866 possent
1209 2783 1319 2848 addere
1333 2787 1470 2846 mentem:
1560 2789 1562 2876 l

566 2899 598 2975 1,
612 2897 708 2978 bone,
723 2896 903 2982 quovirtus
919 2895 1377 2980 tnatevocct,ipedelansto‚

567 3007 713 3073 Grandia
724 3008 847 3072 laturus
862 3006 1050 3071 meritorum
1065 3005 1205 3090 premia.
1252 3005 1336 3073 Quid
1348 3000 1422 3067 stus?
1558 3055 1559 3080 ,

566 3119 645 3182 Post
658 3117 729 3182 haec
741 3116 796 3180 ille
810 3123 901 3179 cetus
916 3115 1119 3200 quantumvis
1132 3115 1272 3180 rusticus
1284 3139 1291 3178 :
1312 3113 1381 3190 Ibit,

568 3226 637 3290 Ibit
649 3247 699 3306 eo,
716 3247 780 3310 quo
793 3225 851 3299 via,
865 3225 921 3308 qui
935 3245 1048 3289 nonam
1063 3223 1211 3308 perdidit,
1227 3225 1337 3308 inquit.
1479 3209 1511 3270 4⁰
1556 3225 1557 3253 ¹

567 3339 682 3403 Rome
693 3336 812 3402 nutriri
825 3335 907 3400 mihi
922 3332 1058 3417 contigit
1073 3335 1287 3418 utquedoceri
1555 3311 1556 3336 ¹

567 3451 676 3514 Iratus
692 3447 788 3513 Grais
803 3453 960 3530 quantum
975 3445 1137 3510 nocuisset
1147 3445 1298 3511 Achilles.

565 3557 720 3642 Adjecere
733 3557 827 3622 bonu
840 3557 936 3640 paulo
951 3555 1022 3640 plus
1036 3555 1114 3620 artis
1129 3557 1278 3635 Athene,

566 3669 696 3734 Scilicet
709 3674 748 3731 ut
760 3668 875 3732 vellem
889 3687 985 3732 curvo
1000 3667 1163 3732 dinoscere
1177 3675 1299 3732 rectum

564 3781 674 3865 Atque
687 3778 774 3844 inter
787 3779 882 3843 silvas
897 3777 1049 3844 Academi
1065 3799 1206 3860 quaerere
1220 3796 1335 3842 verum.

564 3889 656 3954 Dura
670 3888 726 3953 sed
739 3909 884 3953 emovere
897 3887 967 3952 loco
981 3907 1034 3950 me
1048 3895 1193 3968 tempora
1207 3893 1307 3969 grato,

566 3999 739 4082 Civilisque
752 3997 864 4062 rudem
879 3996 954 4060 belli
969 3997 1045 4061 tulit
1059 4003 1156 4060 utus
1170 3996 1205 4058 in
1220 4015 1307 4058 arma

565 4111 699 4176 cesaris
714 4106 932 4190 Augustinus
947 4127 1136 4190 responsura
1149 4107 1284 4171 lacertis

565 4222 662 4286 Unde
675 4217 771 4286 simul
785 4216 924 4300 primum
939 4237 992 4281 me
1006 4216 1155 4282 dimisere
1170 4215 1308 4300 Philippi

565 4330 689 4396 Decisie
702 4327 857 4393 humilem
872 4326 985 4410 pennis
998 4327 1189 4410 inopemque
1203 4325 1326 4410 paterni

564 4441 608 4503 Et
622 4441 697 4504 luris
710 4445 745 4502 et
758 4435 862 4514 brodi,
878 4443 1047 4519 paupertas
1061 4435 1189 4519 impulit
1204 4435 1306 4498 audax

350 4559 396 4604 du·
407 4559 428 4603 ⁸·
437 4561 457 4603 ³-
466 4561 486 4602 ³·
497 4563 541 4605 ιω.
565 4551 612 4614 Ut
626 4569 735 4613 versus
749 4547 905 4623 facerem
928 4543 995 4622 sed,
1011 4543 1094 4627 quod
1109 4565 1176 4609 nou
1190 4543 1284 4624 desit,
1299 4542 1451 4608 habentem

609 4721 651 4770 22.
668 4721 777 4770 rouirot.
845 4721 884 4768 24.
903 4719 1028 4767 attentas.
1095 4719 1135 4766 28.
1154 4719 1292 4769 tremens.
1357 4717 1395 4778 42.
1411 4702 1481 4761 Gru'ir.
