3450 5667
751 740 785 814 o.
812 741 970 800 soom
993 741 1139 799 macor

540 903 696 968 AEstimst
711 910 754 981 et,
771 903 833 967 nisi
848 925 919 987 quae
934 903 1027 968 torris
1042 911 1166 968 semota
1179 903 1307 986 suisque

539 1013 748 1096 Temporibus
762 1012 914 1077 defuncta
928 1013 1025 1091 videt,
1040 1014 1164 1077 fastidit
1178 1023 1212 1077 et
1225 1014 1304 1092 odit,

541 1122 595 1186 Sic
609 1122 717 1185 fautor
730 1131 886 1200 veterum,
902 1131 939 1187 ut
954 1123 1080 1185 tubulas
1095 1143 1226 1206 peceare
1240 1131 1395 1201 vetantes,

541 1232 630 1296 Quas
646 1231 695 1293 his
710 1231 850 1313 quinque
865 1231 924 1293 viri
939 1239 1124 1308 sanxerunt,
1138 1231 1259 1296 soedera
1272 1253 1386 1316 regum

541 1340 601 1404 Vel
617 1339 727 1404 Gabiis
741 1340 791 1403 vel
805 1361 880 1404 cum
894 1341 1004 1423 rigidis
1018 1347 1144 1423 oequsta
1161 1342 1299 1420 Sabinis,
1496 1346 1541 1407 25

540 1449 733 1514 Pontificum
747 1448 856 1527 libros,
873 1471 994 1513 annosa
1007 1451 1170 1513 volumina
1188 1459 1300 1514 vatum
1651 1456 1652 1497 ¹

542 1560 681 1623 Dietitet
695 1559 823 1623 Albano
838 1560 952 1623 Musas
966 1561 1000 1622 iu
1014 1569 1126 1624 moute
1140 1561 1273 1624 locutus.

541 1667 586 1745 Si,
603 1668 678 1750 quia
693 1671 880 1733 Graecorum
895 1677 971 1733 suut
986 1671 1209 1754 antiquissima
1223 1691 1358 1753 quaeque

541 1777 666 1860 Scripta
680 1777 729 1839 vel
744 1778 876 1860 optima,
893 1779 1032 1842 Romani
1047 1789 1222 1864 pensantur
1236 1780 1348 1844 eudem

541 1888 716 1970 Scriptores
731 1887 864 1965 trutina,
880 1909 946 1951 uon
959 1897 1010 1952 est
1023 1890 1109 1972 quod
1123 1891 1226 1953 multa
1240 1891 1427 1972 loquamur:
1495 1891 1541 1953 30

540 1997 598 2060 Nil
613 1998 698 2059 intra
712 2006 761 2060 est
775 1998 889 2076 oleum,
903 1999 952 2061 nil
966 2006 1056 2063 extra
1070 2008 1119 2063 est
1133 2001 1169 2062 iu
1183 2021 1264 2063 nuce
1279 2000 1372 2077 duri;

540 2107 698 2169 Venimus
714 2107 754 2170 sd
769 2129 932 2171 summum
947 2109 1096 2187 fortunae,
1112 2111 1274 2193 pingimus
1287 2119 1385 2192 atque

541 2216 712 2280 Psailimus
727 2224 759 2281 et
773 2217 936 2281 luctamur
950 2218 1082 2282 Achivis
1097 2219 1222 2283 doctius
1236 2220 1354 2283 unctis.

542 2326 577 2390 Si
593 2326 724 2391 meliors
737 2327 814 2405 dies,
831 2334 869 2391 ut
882 2329 966 2406 vius,
982 2333 1129 2412 poemata
1143 2328 1260 2408 reddit,

330 2473 377 2502 arr.
388 2462 412 2502 c.
422 2463 441 2502 s
452 2463 482 2502 u.
494 2463 526 2501 sc.
542 2437 630 2500 Scire
644 2436 750 2514 velim,
766 2436 886 2500 chartis
900 2438 1040 2521 pretium
1055 2446 1172 2521 quotus
1186 2447 1313 2521 arroget
1336 2460 1450 2502 annus.
1495 2443 1538 2504 35

329 2576 375 2617 aa.
386 2576 409 2618 c.
419 2577 438 2617 s
448 2577 466 2618 ⁷.
477 2577 507 2616 rs
542 2547 694 2628 Scriptus,
711 2545 827 2610 abhinc
842 2568 943 2610 annos
957 2556 1088 2611 eentum
1103 2548 1159 2631 qui
1178 2548 1307 2626 decidit,
1322 2549 1408 2613 inter

542 2656 705 2720 Perfectus
719 2663 905 2738 veteresque
919 2656 1030 2720 referri
1045 2657 1150 2734 debet,
1166 2678 1208 2719 an
1222 2643 1322 2720 iuter

539 2766 630 2829 Viles
644 2773 739 2848 atque
755 2767 878 2829 novos?
921 2766 1080 2830 Excludst
1091 2766 1201 2849 jurgia
1214 2768 1297 2830 finis.

539 2879 599 2940 Est
614 2882 705 2940 vetus
719 2881 816 2958 atque
830 2874 958 2958 probus,
975 2884 1106 2939 centum
1121 2877 1177 2960 qni
1190 2876 1314 2960 perficit
1328 2898 1439 2942 annos.

541 2986 637 3065 Quid,
654 2987 710 3069 qui
724 2985 857 3068 deperiit
873 2985 978 3049 minor
991 3005 1057 3049 uno
1072 3007 1182 3049 mense
1195 2986 1245 3050 vel
1261 3007 1355 3065 anno,
1490 2993 1535 3052 40

540 3098 632 3160 Inter
647 3117 726 3179 quos
740 3095 923 3159 referendus
937 3095 1024 3158 erit?
1047 3103 1210 3159 veteresne
1225 3101 1344 3179 poetas,

539 3209 593 3270 An
609 3227 688 3288 quos
702 3213 734 3269 et
748 3225 888 3288 praesens
902 3213 936 3268 et
950 3212 1077 3288 postera
1090 3214 1219 3288 respuat
1234 3207 1336 3269 setas?

539 3318 607 3381 Iste
624 3315 752 3398 quidem
766 3325 888 3378 veteres
903 3315 989 3378 inter
1002 3324 1140 3398 ponetur
1153 3316 1298 3393 honeste,

540 3426 607 3492 Qui
620 3425 670 3489 vel
685 3446 794 3489 mense
808 3425 897 3489 brevi
911 3424 962 3487 vel
976 3433 1046 3488 toto
1061 3433 1111 3489 est
1121 3425 1232 3508 junior
1247 3445 1341 3489 aune.

540 3537 624 3599 Utor
638 3535 790 3619 permisso
805 3533 979 3617 oaudaeque
993 3534 1075 3617 pilos
1088 3542 1127 3596 ut
1141 3534 1267 3616 equiuae
1494 3541 1537 3600 45

540 3645 701 3709 Paulatim
715 3644 798 3708 vello
813 3652 846 3708 et
861 3644 955 3707 demo
969 3665 1083 3720 unum,
1099 3643 1194 3708 demo
1208 3653 1241 3706 et
1255 3644 1334 3707 item
1348 3665 1461 3724 unum,

542 3758 630 3821 Dum
645 3755 738 3819 eadat
753 3755 859 3818 elusus
874 3754 998 3817 ratione
1012 3753 1136 3816 ruentis
1152 3754 1266 3831 wervi,

540 3867 607 3932 Qui
622 3865 705 3929 redit
718 3865 753 3926 in
766 3864 866 3927 fastos
880 3872 913 3927 et
928 3863 1080 3926 virtutem
1095 3863 1234 3926 aestimat
1249 3863 1342 3926 aunis

327 4007 376 4049 no.
388 4007 409 4047 s.
419 4007 437 4046 a
448 4009 466 4047 a
477 4007 508 4046 ιο,
539 3977 743 4057 Miraturque
758 3974 850 4051 nihil,
865 3974 928 4036 nisi
942 3972 1028 4056 quod
1044 3973 1188 4036 Libitina
1202 3973 1348 4037 secrevit.

329 4107 386 4148 ann.
398 4107 418 4146 s.
429 4107 485 4146 uro.
494 4107 525 4146 si.
539 4087 664 4150 Ennius
679 4093 713 4148 et
726 4083 851 4165 sapiens
865 4089 898 4145 et
912 4082 1004 4144 fortis
1019 4088 1052 4146 et
1067 4081 1148 4145 aiter
1163 4082 1336 4160 Homerus,
1495 4087 1538 4148 50

399 4157 424 4198 ἢ
436 4158 453 4197 ι’
463 4158 496 4197 19'
506 4156 525 4197 ⁷⁸
540 4199 589 4261 Ut
604 4194 707 4260 critici
721 4193 843 4270 dicunt,
859 4191 971 4255 leviter
986 4211 1097 4254 curare
1111 4191 1248 4269 videtur,

325 4355 376 4394 pro.
387 4344 412 4385 a.
423 4341 446 4382 r.
457 4342 501 4382 ras.
540 4309 614 4376 Quo
629 4304 782 4390 promissa
796 4302 913 4366 cudant
927 4309 961 4365 et
975 4302 1099 4365 somnia
1114 4302 1326 4385 Pythagorea

539 4417 671 4482 Naevius
686 4415 720 4479 in
735 4413 884 4477 munibus
898 4433 964 4476 non
979 4419 1076 4476 estet
1092 4411 1254 4476 montibus
1268 4411 1369 4475 haeret

329 4560 373 4591 m.
383 4548 407 4590 c.
418 4549 437 4588 s.
448 4548 479 4589 so.
489 4549 508 4586 s.
541 4532 636 4594 Paene
650 4526 785 4591 recens?
830 4523 922 4588 Adeo
937 4531 1085 4586 sanctum
1099 4528 1149 4585 est
1163 4529 1254 4585 vetus
1269 4542 1364 4585 omne
1378 4524 1504 4605 poema.

753 4698 792 4746 31.
811 4696 1073 4746 imtrsst...extrcst.
1140 4697 1181 4746 ss
1199 4695 1314 4744 itotost.
