3450 5667
468 704 755 762 EPISTULARUM
790 705 870 764 ΠΒ.
903 707 931 765 Ι.
961 707 1018 765 xiv.

203 865 406 930 Fasciculum
423 873 534 950 portes
547 865 714 946 librorum,
729 875 767 932 nt
782 867 922 932 rusticus
936 889 1068 952 agnum

202 979 249 1042 Ut
262 976 375 1040 vinosa
390 977 524 1060 glomus
537 977 662 1042 furtivae
677 978 814 1062 Pyrrhia
828 978 922 1052 lana,

156 1093 183 1150 ii
205 1090 250 1152 Ut
264 1109 340 1151 cnm
354 1087 480 1172 pileolo
493 1087 595 1150 soleas
610 1088 742 1151 conviva
755 1087 894 1168 tribulis.

203 1199 255 1261 Ne
268 1199 364 1281 volgo
379 1219 495 1262 narres
509 1205 543 1262 te
557 1197 718 1262 sudavisse
732 1198 864 1262 ferendo

207 1309 366 1387 Carmina,
383 1331 460 1392 quae
476 1310 598 1393 possint
612 1310 720 1373 oculos
735 1331 889 1393 auresque
902 1309 1022 1373 morari
1080 1305 1085 1314 “

209 1419 338 1484 Caesaris
345 1445 356 1498 ς
381 1429 496 1484 oratus
511 1421 616 1483 multa
630 1441 732 1503 prece,
749 1418 851 1484 nitere
866 1441 970 1504 porro.

208 1529 304 1610 Vade,
319 1531 404 1610 eale,
422 1551 497 1594 cave
511 1552 553 1596 ns
567 1530 687 1594 titubes
702 1530 916 1614 mandataque
932 1529 1069 1614 frangas.

602 1916 698 1981 XIV.

218 2050 333 2112 Vrnrcs
350 2051 505 2114 silvarum
521 2057 555 2114 et
570 2051 651 2114 mihi
666 2071 718 2114 me
733 2049 895 2114 reddentis
910 2050 1016 2132 agelli,

218 2159 316 2224 Quem
330 2170 369 2223 tn
384 2161 512 2224 fastidis
526 2160 707 2224 habitatum
725 2161 867 2245 quinque
881 2161 960 2224 focis
974 2169 1008 2223 et

220 2271 364 2353 Quinque
378 2273 481 2336 bonos
496 2273 627 2336 solitum
642 2272 773 2334 Variam
788 2273 951 2334 dimittere
964 2281 1081 2355 patres,
1286 2343 1289 2348 ,

221 2379 393 2460 Certemus,
409 2383 516 2465 spinas
532 2381 682 2444 animone
697 2403 755 2464 ego
769 2381 895 2458 fortius,
912 2403 953 2444 au
967 2391 1006 2445 tu
1152 2389 1200 2490 1⁸2¹
1211 2388 1237 2480 ᾗ
1246 2390 1265 2481 {3
1274 2390 1294 2480 ὲ
1304 2390 1351 2481 2³¹⁰&

186 2490 202 2546 5
222 2488 338 2554 Evellas
353 2513 432 2575 agro
448 2501 483 2555 et
498 2491 610 2556 melior
625 2491 668 2554 sit
683 2493 840 2554 Horatius
855 2514 898 2554 an
911 2513 972 2556 res.

223 2601 275 2663 Me
288 2605 432 2684 quamvis
449 2605 571 2668 Lamiae
585 2604 687 2686 pietas
703 2611 735 2667 et
750 2625 827 2667 cura
841 2611 987 2666 moratur
1157 2603 1220 2645 Μ’·
1230 2605 1254 2645 ⁰·
1265 2605 1287 2696 ξ.
1293 2607 1331 2697 ii'.

223 2711 357 2777 Fratrem
374 2715 546 2791 maerentis,
562 2723 653 2798 rapto
668 2714 708 2778 de
723 2715 822 2778 fratre
837 2713 974 2778 dolentis

227 2825 441 2906 Insolabiliter,
457 2836 566 2892 tamen
580 2830 664 2892 istuc
679 2850 769 2892 mens
785 2828 974 2910 animusque

226 2935 293 2998 Fert
305 2945 337 3001 et
352 2947 440 3002 amat
455 2939 566 3022 spatiis
581 2939 742 3003 obstantia
756 2959 903 3022 rumpere
918 2939 1066 3002 claustra.
1158 2980 1178 3019 9.
1190 2969 1210 3011 s,
1221 2967 1242 3009 s.
1254 2967 1272 3007 1.
1282 2967 1301 3008 1.
1311 2968 1356 3010 na.

180 3041 211 3101 10
229 3043 307 3108 Rure
321 3068 379 3130 ego
394 3049 564 3124 viventem,
580 3055 618 3110 tn
633 3047 711 3110 dicis
726 3047 759 3109 in
775 3045 854 3111 urbe
869 3046 1000 3110 beatum
1013 3072 1022 3122 ς

229 3156 281 3218 Cui
293 3159 394 3242 piacet
410 3160 551 3236 alterins,
567 3181 626 3222 sua
640 3159 791 3222 nimirum
807 3166 856 3221 est
871 3157 945 3221 odio
960 3178 1037 3221 sors.

231 3267 344 3332 Stultus
357 3279 493 3353 uterque
508 3270 614 3332 locum
629 3269 828 3332 immeritum
844 3276 993 3331 causatur
1006 3266 1115 3350 iniqne
1126 3293 1136 3344 3

232 3375 268 3438 In
280 3381 366 3465 culpa
380 3392 430 3445 est
445 3381 581 3459 animus,
598 3381 654 3463 qui
669 3401 702 3444 se
717 3401 783 3443 non
797 3379 910 3462 effugit
923 3399 1077 3460 unquam.

232 3488 273 3550 Tu
286 3493 492 3556 mediastinus
506 3492 606 3588 tacita
620 3511 713 3575 prece
727 3511 803 3554 rura
817 3489 960 3574 petebas,

187 3593 215 3654 li
233 3597 316 3664 Nune
330 3603 443 3666 urbem
459 3609 491 3666 et
505 3601 598 3664 ludos
614 3609 646 3664 et
661 3600 776 3664 balnea
789 3600 902 3663 vilicus
916 3607 1029 3683 optas,

231 3707 280 3774 Me
292 3723 434 3778 constare
448 3713 529 3777 mihi
544 3714 606 3776 scis
621 3719 654 3776 et
668 3711 829 3776 discedere
843 3713 980 3789 tristem,

235 3821 494 3909 Quandocumque
509 3824 644 3887 trahunt
658 3823 760 3886 invisa
774 3822 905 3905 negotia
920 3825 1067 3886 Romam,
1161 3843 1205 3882 era.
1215 3839 1236 3880 a.
1247 3839 1265 3880 r.
1275 3839 1294 3880 1.
1305 3839 1336 3880 ll.

233 3931 297 3997 Non
310 3937 419 4002 eadem
434 3937 611 4013 mirarum
635 3955 673 3998 eo
688 3934 885 3998 disconvenit
899 3935 984 3997 inter

235 4041 335 4128 Meque
353 4055 387 4111 et
401 4056 453 4110 te:
477 4068 564 4124 nam,
577 4067 648 4128 quae
663 4046 790 4110 deserta
805 4053 837 4108 et
851 4044 1013 4127 inhospita
1026 4051 1114 4106 tesca

190 4145 221 4208 20
237 4151 337 4234 Credis,
357 4177 484 4220 amoena
500 4161 604 4232 vocat,
620 4175 747 4217 mecum
764 4155 817 4235 qui
833 4155 942 4229 sentit,
958 4162 991 4215 et
1005 4153 1074 4215 odit

237 4261 303 4329 Qnae
315 4277 351 4330 tu
366 4267 498 4350 pulchra
513 4271 618 4348 putas.
666 4263 783 4327 Fornix
799 4263 859 4327 tibi
874 4271 907 4326 et
921 4270 1021 4325 uncta
1035 4257 1151 4342 popina

237 4373 386 4442 Incutiunt
400 4377 488 4441 urbis
505 4375 708 4452 desiderium,
724 4375 825 4452 video,
842 4382 876 4437 et
890 4372 977 4456 qnod

235 4486 365 4570 Angelus
378 4489 438 4552 iste
454 4488 536 4551 feret
551 4486 638 4570 piper
653 4496 686 4549 et
701 4485 777 4548 thus
792 4485 881 4548 ocius
896 4503 966 4559 uva,

193 4637 219 4684 ll.
233 4641 400 4698 inirnimmst:
418 4635 565 4697 estorndl.
597 4647 639 4760 ἐξ.
656 4645 793 4758 {culpare
844 4644 884 4692 19.
901 4658 960 4705 qna.
1010 4641 1052 4690 21.
1063 4656 1148 4689 rocas.
1266 4712 1270 4719 .

632 4745 637 4758 .
669 4727 707 4760 us.
