3450 5667
301 3589 467 3638 wRL..

341 3639 480 3680 Κλ..

299 3809 492 3851 thdfflOE

301 4023 337 4064 ell.
348 4023 373 4064 u.
383 4023 402 4063 2.
413 4023 432 4062 2.
444 4021 487 4064 137.

723 641 756 714 o.
780 637 939 698 norm
954 637 1098 696 macer

517 809 582 874 Qui
597 815 630 872 te
645 806 780 886 deridet,
796 807 932 872 caudam
945 806 1064 870 mahat.
1109 807 1171 869 Est
1185 825 1286 888 genus
1299 825 1399 867 unum

516 919 671 982 Stultitiae
684 917 824 982 nihilum
839 917 1012 982 metuenda
1024 917 1180 995 timentis,
1195 924 1235 979 ut
1248 917 1349 999 ignes,

515 1031 565 1094 Ut
579 1051 673 1114 rupes
688 1029 865 1113 fluviosque
878 1030 913 1092 iu
928 1050 1042 1113 campo
1055 1028 1184 1095 obstare
1199 1036 1369 1110 queratur;
1472 1029 1514 1087 55

515 1139 665 1203 Alterum
680 1148 712 1204 et
727 1140 802 1204 huic
817 1161 930 1204 varum
944 1147 977 1202 et
990 1139 1094 1202 nihilo
1108 1139 1285 1222 sapientius
1299 1139 1386 1220 ignes

516 1252 579 1314 Por
593 1250 715 1314 medios
729 1251 906 1334 fluviosque
919 1250 1061 1314 ruentis:
1085 1249 1203 1314 clamet
1218 1248 1320 1312 amica

515 1363 634 1441 Mater,
650 1363 787 1427 honesta
800 1383 890 1426 soror
904 1383 978 1426 cum
993 1362 1149 1445 cognatis,
1164 1369 1266 1444 pater,
1281 1381 1379 1424 uxor:

517 1473 582 1536 Hic
596 1473 681 1537 fossa
695 1481 743 1536 est
756 1473 882 1556 ingens,
897 1473 950 1535 hic
964 1493 1059 1555 rupes
1073 1472 1234 1548 maxima3
1256 1471 1365 1534 serral

516 1583 593 1646 Nou
609 1584 711 1666 magis
726 1583 876 1659 audierit,
892 1604 989 1666 quam
1004 1583 1116 1648 Fufius
1130 1580 1238 1645 ebrius
1252 1581 1340 1660 olim,
1471 1583 1517 1644 60

516 1695 600 1758 Cum
615 1693 754 1758 Ilionam
769 1693 916 1771 edormit,
932 1693 1074 1756 Catienis
1088 1691 1177 1756 mille
1195 1691 1342 1755 ducentis

517 1806 635 1883 Mater,
652 1813 685 1868 te
700 1804 833 1888 appello,
850 1803 1072 1868 clamantibus.
1118 1803 1207 1866 Huic
1221 1823 1282 1886 ego
1295 1802 1405 1884 volgus

516 1913 625 1978 Emori
640 1915 777 1978 similem
793 1923 946 1978 cunctum
960 1912 1099 1978 insanire
1114 1913 1244 1977 docebo.

516 2023 643 2088 Insanit
657 2031 778 2089 veteres
794 2032 917 2088 statuas
932 2023 1147 2107 Damasippus
1161 2023 1315 2087 emendo:

516 2135 648 2216 Integer
662 2143 712 2198 est
726 2135 844 2198 mentis
858 2134 1047 2218 Damasippi
1058 2134 1205 2198 creditor.
1250 2135 1341 2197 Esto.
1472 2135 1516 2197 65

516 2243 636 2327 Accipe
651 2241 737 2326 quod
751 2265 917 2327 nunquam
931 2243 1046 2308 reddas
1059 2243 1151 2323 mihi,
1167 2244 1195 2307 si
1208 2243 1268 2307 tibi
1283 2243 1399 2322 dicam,

517 2356 608 2418 'lime
622 2355 753 2418 insanus
768 2356 841 2433 eris,
856 2355 885 2419 si
899 2356 1079 2439 acceperis?
1102 2376 1144 2417 an
1158 2355 1261 2438 magis
1275 2376 1386 2418 excors

518 2465 652 2546 Rejecta
666 2465 783 2548 praeda,
799 2486 896 2547 quam
910 2485 1050 2548 praesens
1064 2463 1245 2528 Mercurius
1259 2463 1348 2527 fert?

518 2573 629 2638 Scribe
644 2575 754 2638 decem
770 2575 926 2653 aNerio;
948 2595 1015 2638 nou
1030 2582 1079 2638 est
1093 2574 1190 2638 satis:
1214 2573 1295 2638 adde
1310 2573 1436 2639 Cicuta

516 2683 641 2748 Nodosi
656 2685 781 2748 tabulas
797 2697 939 2762 centum,
954 2685 1043 2748 mille
1057 2684 1137 2748 adde
1152 2693 1303 2764 catenas3
1473 2690 1519 2752 ⁷0

516 2794 658 2877 Effugiet
672 2801 780 2858 tamen
795 2794 866 2858 haee
880 2795 1052 2858 sceleratus
1066 2794 1192 2858 vincula
1206 2797 1352 2860 Proteus.

517 2905 599 2968 Cum
615 2906 718 2989 rapies
732 2905 832 2989 injus
847 2905 940 2969 malis
953 2905 1113 2969 ridentem
1128 2905 1250 2985 alienis,
1345 2901 1349 2906 ’

517 3015 588 3080 Fiet
603 3037 687 3098 aper,
703 3015 798 3080 modo
814 3014 891 3093 avis,
906 3014 1002 3078 modo
1016 3037 1140 3091 saxum,
1155 3023 1188 3078 et
1203 3037 1277 3080 cum
1292 3016 1377 3081 volet
1393 3016 1501 3080 arbor.

518 3125 554 3189 Si
569 3125 651 3189 male
666 3147 734 3190 rem
749 3145 859 3207 gerere
873 3124 979 3188 insani
993 3132 1054 3203 est,
1070 3132 1182 3189 contra
1194 3125 1276 3189 bene
1292 3127 1381 3205 saui3

515 3237 665 3301 Putidius
680 3237 783 3300 multo
797 3235 963 3300 cerebmm
978 3244 1038 3314 est,
1053 3235 1131 3299 mihi
1148 3236 1251 3316 erede,
1276 3238 1386 3301 Perilli
1473 3245 1517 3305 75

515 3347 687 3424 Dictautis‚
704 3346 788 3430 quod
803 3355 840 3409 tu
854 3367 1031 3430 numquam
1046 3345 1218 3410 rescribere
1231 3347 1341 3429 possis.

515 3456 637 3521 Audire
653 3464 748 3540 atque
762 3463 874 3539 togam
884 3455 984 3539 jubeo
999 3476 1199 3540 componere,
1216 3457 1358 3540 quisquis

515 3566 701 3632 Ambitione
716 3568 801 3630 mala
815 3575 872 3630 aut
886 3566 1009 3650 argenti
1023 3566 1121 3650 pallet
1136 3587 1253 3646 amore,

516 3677 669 3761 Quisquis
684 3678 811 3742 luxuria
824 3677 947 3741 tristive
961 3677 1186 3760 superstitione

515 3790 584 3853 Aut
599 3788 660 3851 alio
676 3788 793 3850 mentis
808 3787 921 3851 morbo
935 3788 1017 3851 calet
1031 3813 1038 3860 ;
1060 3786 1126 3850 hue
1139 3788 1268 3871 propius
1282 3809 1345 3867 me,
1473 3792 1519 3852 80

513 3897 602 3960 Dum
618 3897 715 3960 doceo
729 3895 869 3960 insanire
883 3915 1005 3974 omnes,
1022 3917 1076 3959 vos
1089 3897 1201 3960 ordine
1215 3897 1310 3960 adite.

515 4007 630 4070 Danda
644 4013 693 4069 est
707 4006 837 4070 ellebori
852 4007 955 4070 multo
970 4027 1044 4091 pars
1059 4007 1200 4069 maxima
1214 4009 1336 4085 avaris;

514 4119 635 4183 Nescio
648 4139 690 4181 au
705 4118 896 4202 Anticyram
911 4118 994 4181 ratio
1008 4117 1071 4180 illis
1085 4117 1223 4180 destinet
1244 4139 1384 4182 omnem.

517 4228 662 4293 Heredes
678 4228 804 4292 Staberi
819 4249 979 4291 summam
993 4227 1136 4292 incidere
1150 4228 1296 4312 sepulcro
1308 4255 1315 4292 :

515 4339 562 4403 Ni
577 4339 622 4403 sic
636 4339 797 4417 fecissent,
813 4339 1026 4422 gladiatorum
1041 4338 1117 4402 dare
1132 4348 1262 4402 centum
1473 4344 1518 4404 85

515 4449 669 4512 Damnati
683 4449 799 4534 populo
813 4449 902 4531 paria
916 4456 1011 4531 atque
1026 4449 1157 4533 epulum
1171 4449 1304 4512 arbitrio
1317 4448 1405 4526 Arri,

516 4583 555 4632 59.
573 4581 701 4633 lfossast.
769 4584 809 4632 62.
827 4585 929 4645 vulgus.
995 4581 1036 4632 74.
1055 4585 1199 4633 linsanist.
1269 4583 1310 4634 ts.
1323 4583 1519 4636 Posmbrnmst.

928 4650 968 4697 82,
986 4649 1117 4699 hellebori.
