3450 5667
730 726 764 802 q,
798 728 957 787 nonan
980 727 1126 787 macor

522 890 573 955 Sit
587 888 706 954 Medea
719 890 807 954 fem
821 891 1014 975 invictaque,
1028 890 1143 956 debilis
1157 890 1231 970 Ino,

520 1001 666 1067 Perfidus
681 1002 787 1081 Ixion,
803 1002 843 1067 Io
857 1023 948 1087 vaga,
962 1003 1064 1068 tristis
1078 1005 1220 1069 Omma

521 1112 557 1175 Si
572 1112 651 1194 qnid
664 1112 867 1195 inexpertum
880 1132 984 1177 scema
999 1113 1176 1177 committis
1189 1119 1224 1176 et
1238 1111 1336 1176 audes
1455 1118 1518 1178 125

520 1222 696 1286 Personam
709 1220 848 1286 sormam
861 1242 989 1300 noram,
1003 1229 1147 1285 servetur
1160 1220 1203 1285 sd
1215 1221 1328 1299 imnum

522 1332 636 1400 Qualis
651 1332 692 1397 ab
704 1332 834 1417 incepto
847 1333 1047 1417 processerit,
1061 1340 1096 1397 et
1108 1332 1172 1398 sibi
1186 1340 1322 1397 constet.

521 1442 659 1507 Difficile
672 1449 722 1506 est
736 1442 862 1527 proprie
876 1443 1061 1507 communia
1074 1442 1200 1520 dicere3
1222 1450 1324 1525 tuque

312 1587 355 1626 ιη.
366 1574 392 1617 n.
402 1575 421 1617 s
431 1574 451 1619 1.
462 1574 508 1619 sss
522 1552 654 1617 Rectius
667 1551 804 1616 ilianum
819 1572 949 1617 carmen
963 1550 1095 1616 deducis
1108 1552 1145 1615 in
1158 1558 1261 1630 sotus,

521 1663 629 1730 Quam
643 1660 671 1725 si
686 1660 842 1745 proferres
855 1662 969 1745 ignota
981 1660 1165 1744 indictaque
1178 1660 1311 1745 primus.
1455 1664 1520 1725 130

521 1770 655 1834 Publica
668 1770 816 1835 materies
830 1770 947 1854 privati
957 1769 1041 1853 juris
1055 1771 1129 1849 erit,
1143 1771 1172 1834 si

519 1878 599 1943 Non
613 1878 698 1943 circa
711 1879 806 1943 vilem
820 1880 1031 1964 patulumque
1044 1880 1219 1945 moraberis
1231 1880 1353 1959 orbem

519 1989 592 2055 Noc
606 1990 703 2055 verbo
716 1990 850 2067 verbum
865 1989 993 2055 curabis
1006 1989 1139 2055 reddero
1152 1989 1236 2053 lidus

520 2100 694 2183 Interpres,
709 2119 769 2164 nec
783 2099 909 2164 desilies
922 2100 1068 2165 imitator
1080 2100 1116 2163 in
1130 2107 1247 2178 artum,

521 2208 617 2274 Unde
632 2207 744 2293 pedem
758 2208 900 2291 proferro
912 2209 1016 2293 pudor
1029 2217 1117 2274 vetet
1130 2218 1187 2273 ant
1199 2209 1304 2293 operis
1316 2210 1378 2274 lex.
1453 2212 1518 2274 135

519 2320 591 2385 Neo
606 2320 652 2393 sio
665 2318 808 2404 incipies,
822 2326 861 2384 ut
875 2319 1010 2403 scriptor
1023 2318 1163 2403 cyclicus
1177 2318 1277 2382 olim:

521 2430 729 2495 “Fortunam
744 2428 864 2493 Priami
877 2428 1014 2493 mutabo
1027 2435 1062 2492 et
1075 2427 1182 2493 nobile
1194 2426 1350 2492 bellum.”
1385 2420 1390 2427 ’

308 2590 356 2621 m.
382 2590 402 2621 ,,
411 2581 443 2621 4„
521 2539 609 2608 Quid
623 2538 757 2623 dignum
771 2546 865 2603 tanto
877 2538 960 2603 feret
973 2538 1027 2602 hio
1041 2538 1213 2623 promissor
1225 2536 1343 2600 hiatu?

520 2648 710 2714 Purturiunt
723 2656 859 2728 montes,
874 2655 1025 2713 nuscetur
1038 2647 1192 2712 ridiculus
1205 2668 1288 2711 mus.

521 2758 652 2825 Quanto
666 2757 785 2821 rectius
799 2756 862 2835 hic,
879 2756 935 2841 qni
949 2756 996 2820 nil
1008 2756 1142 2821 molitur
1154 2755 1281 2840 inepte:
1453 2757 1519 2820 140

310 2902 354 2941 ιμ.
364 2889 390 2933 a.
400 2890 419 2932 1.
428 2890 447 2933 s.
457 2889 490 2933 ro.
521 2873 543 2906 “
552 2868 614 2933 Dic
628 2867 718 2943 mihi,
734 2867 843 2945 Musa,
858 2867 974 2945 virum,
989 2873 1090 2950 captis
1103 2872 1176 2950 post
1189 2873 1335 2949 tempora
1347 2866 1452 2950 Trojae

521 2982 544 3015 “
556 2978 623 3046 Qui
636 2998 741 3042 mores
754 2976 924 3041 hominum
937 2976 1115 3039 multorum
1130 2973 1212 3038 vidit
1225 2982 1260 3041 et
1273 2975 1403 3039 urbes.”

519 3088 597 3153 Non
611 3088 736 3152 fumum
751 3106 791 3151 ex
804 3086 939 3169 fulgore,
955 3084 1012 3150 sed
1026 3105 1065 3150 ex
1078 3084 1171 3149 fumo
1184 3083 1259 3147 dure
1272 3085 1379 3149 lucem

307 3246 353 3285 m,
364 3234 389 3277 qq·
398 3235 417 3276 ².
427 3235 447 3277 ².
461 3234 506 3277 110·
519 3196 661 3279 COffifflt,
677 3202 715 3259 ut
728 3194 871 3278 Speflloess
883 3192 1000 3257 deliine
1013 3192 1168 3255 llllfflffllfl
1180 3198 1317 3276 pmmflt,

520 3305 721 3389 Antiphaten
736 3302 941 3386 Scyllamque
950 3308 985 3365 et
994 3321 1070 3365 cnm
1080 3301 1221 3385 Cyclope
1230 3300 1417 3386 Charybdin
1425 3328 1435 3379 ;
1452 3306 1516 3366 145

519 3416 592 3480 Neo
606 3414 746 3477 reditum
761 3412 928 3476 Diomedis
941 3410 983 3475 ab
996 3410 1130 3475 interitu
1143 3410 1312 3494 Meleagri,

519 3523 591 3589 Neo
606 3522 734 3607 gemino
748 3520 871 3586 bellum
884 3520 1060 3604 Trojanum
1072 3518 1199 3584 orditur
1211 3520 1252 3585 ab
1265 3541 1337 3585 ovo.

521 3634 654 3716 Semper
668 3632 708 3695 cd
722 3636 872 3696 eventum
886 3630 1019 3694 festinat
1034 3636 1068 3693 et
1081 3629 1117 3693 in
1130 3628 1253 3693 medias
1266 3650 1318 3694 res
1357 3613 1362 3622 ’

519 3744 598 3807 Non
612 3762 702 3805 secus
717 3762 754 3805 oo
767 3747 861 3804 notas
875 3739 1056 3804 auditorem
1069 3738 1154 3822 rapit
1167 3746 1211 3816 et,
1227 3760 1300 3822 qum

520 3852 676 3935 Desperat
689 3858 827 3915 tractata
840 3850 996 3913 nitescere
1009 3868 1113 3931 posse,
1128 3847 1291 3931 relinquit,
1452 3853 1517 3913 150

518 3962 628 4043 Atque
641 3959 689 4022 ita
702 3958 869 4036 mentitur,
882 3958 930 4021 sic
942 3958 1026 4022 veris
1038 3957 1119 4021 falsa
1138 3957 1298 4034 remiscet,

519 4070 629 4134 Primo
642 4090 684 4133 ne
698 4068 850 4145 medium,
866 4066 973 4131 medio
986 4088 1028 4131 ne
1041 4066 1200 4150 discrepet
1212 4066 1326 4130 imum.
1366 4145 1369 4149 λ

519 4178 579 4256 Tu,
596 4177 673 4261 quid
687 4197 747 4260 ego
761 4183 794 4240 et
807 4176 945 4260 populna
957 4196 1085 4241 mecum
1100 4175 1269 4256 desideret,
1284 4176 1360 4241 audi
1374 4202 1383 4241 :

307 4326 353 4367 „q
363 4324 389 4366 Β,
400 4326 419 4366 2,
429 4324 448 4367 ι,
459 4323 504 4367 ιω,
521 4287 556 4351 Si
571 4286 726 4370 plausoris
741 4305 814 4367 eges
828 4286 931 4349 auloea
944 4284 1104 4349 manentis
1118 4290 1152 4349 et
1165 4305 1267 4367 nsque

307 4450 349 4481 u„
359 4439 384 4482 Β,
394 4440 414 4481 ,,
424 4440 443 4481 2,
454 4439 498 4481 m
520 4396 654 4475 Sessuri,
671 4395 772 4459 donec
786 4402 900 4459 cantor
912 4395 982 4458 Vos
995 4394 1138 4477 plaudite
1151 4393 1250 4472 dicat,
1451 4396 1513 4457 155

518 4507 639 4573 AEtatis
654 4507 808 4589 cujusque
822 4506 956 4571 notandi
970 4512 1048 4569 sunt
1062 4505 1122 4569 tibi
1137 4524 1253 4582 mores,

649 4694 705 4745 186.
722 4695 828 4759 cyclica.
896 4696 953 4745 18⁹.
969 4693 1125 4758 parturient.
1192 4693 1250 4743 141.
1266 4691 1372 4741 moenia.
