<?xml version="1.0" encoding="UTF-8"?>
<!DOCTYPE html PUBLIC "-//W3C//DTD XHTML 1.0 Transitional//EN"
    "http://www.w3.org/TR/xhtml1/DTD/xhtml1-transitional.dtd">
<html xmlns="http://www.w3.org/1999/xhtml" xml:lang="en" lang="en">
 <head>
  <title>
</title>
<meta http-equiv="Content-Type" content="text/html;charset=utf-8" />
  <meta name='ocr-system' content='tesseract 3.04.00' />
  <meta name='ocr-capabilities' content='ocr_page ocr_carea ocr_par ocr_line ocrx_word'/>
</head>
<body>
  <div class='ocr_page' id='page_1' title='image "./quintihoratifla01horagoog_0069.png"; bbox 0 0 3450 5667; ppageno 0'>
   <div class='ocr_carea' id='block_1_1' title="bbox 544 723 1069 782">
    <p class='ocr_par' dir='ltr' id='par_1_1' title="bbox 544 723 1069 782">
     <span class='ocr_line' id='line_1_1' title="bbox 544 723 1069 782; baseline -0.002 0"><span class='ocrx_word' id='word_1_1' title='bbox 544 724 768 782; x_wconf 78' lang='lat' dir='ltr'>CARMINUM</span> <span class='ocrx_word' id='word_1_2' title='bbox 802 723 879 781; x_wconf 75' lang='grc' dir='ltr'>ΜΒ.</span> <span class='ocrx_word' id='word_1_3' title='bbox 900 724 927 781; x_wconf 86' lang='lat'>1.</span> <span class='ocrx_word' id='word_1_4' title='bbox 951 723 1069 782; x_wconf 75' lang='lat' dir='ltr'>xxxviii·</span> 
     </span>
    </p>
   </div>
   <div class='ocr_carea' id='block_1_2' title="bbox 367 893 816 979">
    <p class='ocr_par' dir='ltr' id='par_1_2' title="bbox 367 893 816 979">
     <span class='ocr_line' id='line_1_2' title="bbox 367 893 816 979; baseline -0.004 -21"><span class='ocrx_word' id='word_1_5' title='bbox 367 895 504 959; x_wconf 77' lang='lat' dir='ltr'><strong>Venator</strong></span> <span class='ocrx_word' id='word_1_6' title='bbox 517 894 554 958; x_wconf 87' lang='lat' dir='ltr'>in</span> <span class='ocrx_word' id='word_1_7' title='bbox 569 895 690 979; x_wconf 83' lang='lat' dir='ltr'>campis</span> <span class='ocrx_word' id='word_1_8' title='bbox 705 893 816 956; x_wconf 80' lang='lat' dir='ltr'>nivalis</span> 
     </span>
    </p>
   </div>
   <div class='ocr_carea' id='block_1_3' title="bbox 202 981 889 1084">
    <p class='ocr_par' dir='ltr' id='par_1_3' title="bbox 202 981 889 1084">
     <span class='ocr_line' id='line_1_3' title="bbox 202 981 889 1084; baseline -0.004 -13"><span class='ocrx_word' id='word_1_9' title='bbox 202 981 236 1037; x_wconf 50' lang='grc' dir='ltr'>Ἃ)</span> <span class='ocrx_word' id='word_1_10' title='bbox 409 1006 595 1084; x_wconf 83' lang='lat' dir='ltr'>Haemonioe,</span> <span class='ocrx_word' id='word_1_11' title='bbox 611 1005 702 1070; x_wconf 80' lang='lat' dir='ltr'>duret</span> <span class='ocrx_word' id='word_1_12' title='bbox 715 1013 753 1069; x_wconf 89' lang='lat' dir='ltr'>ut</span> <span class='ocrx_word' id='word_1_13' title='bbox 768 1004 889 1069; x_wconf 80' lang='lat' dir='ltr'>catenis</span> 
     </span>
    </p>
   </div>
   <div class='ocr_carea' id='block_1_4' title="bbox 186 1139 936 1806">
    <p class='ocr_par' dir='ltr' id='par_1_4' title="bbox 186 1139 936 1806">
     <span class='ocr_line' id='line_1_4' title="bbox 333 1139 936 1224; baseline -0.002 -20"><span class='ocrx_word' id='word_1_14' title='bbox 333 1139 431 1206; x_wconf 82' lang='lat' dir='ltr'><strong>Fatale</strong></span> <span class='ocrx_word' id='word_1_15' title='bbox 444 1149 622 1206; x_wconf 85' lang='lat' dir='ltr'>monstrum</span> <span class='ocrx_word' id='word_1_16' title='bbox 633 1167 644 1220; x_wconf 72' lang='grc' dir='ltr'><strong><em>ς</em></strong></span> <span class='ocrx_word' id='word_1_17' title='bbox 667 1162 739 1224; x_wconf 75' lang='lat' dir='ltr'>qum</span> <span class='ocrx_word' id='word_1_18' title='bbox 753 1140 936 1224; x_wconf 80' lang='lat' dir='ltr'>generosius</span> 
     </span>
     <span class='ocr_line' id='line_1_5' title="bbox 335 1251 886 1337; baseline -0.002 -22"><span class='ocrx_word' id='word_1_19' title='bbox 335 1251 432 1317; x_wconf 82' lang='lat' dir='ltr'>Perire</span> <span class='ocrx_word' id='word_1_20' title='bbox 445 1275 596 1337; x_wconf 74' lang='lat' dir='ltr'>quaerens,</span> <span class='ocrx_word' id='word_1_21' title='bbox 613 1273 673 1317; x_wconf 89' lang='lat' dir='ltr'>nec</span> <span class='ocrx_word' id='word_1_22' title='bbox 687 1252 886 1316; x_wconf 85' lang='lat' dir='ltr'>muliebriter</span> 
     </span>
     <span class='ocr_line' id='line_1_6' title="bbox 373 1363 850 1446; baseline 0 -20"><span class='ocrx_word' id='word_1_23' title='bbox 373 1363 498 1446; x_wconf 77' lang='lat' dir='ltr'><strong>Expavit</strong></span> <span class='ocrx_word' id='word_1_24' title='bbox 512 1385 632 1441; x_wconf 80' lang='lat' dir='ltr'>ensem,</span> <span class='ocrx_word' id='word_1_25' title='bbox 647 1384 707 1426; x_wconf 88' lang='lat' dir='ltr'>nec</span> <span class='ocrx_word' id='word_1_26' title='bbox 721 1363 850 1427; x_wconf 84' lang='lat' dir='ltr'>latentis</span> 
     </span>
     <span class='ocr_line' id='line_1_7' title="bbox 415 1473 871 1558; baseline 0.002 -20"><span class='ocrx_word' id='word_1_27' title='bbox 415 1474 515 1538; x_wconf 80' lang='lat' dir='ltr'>Classe</span> <span class='ocrx_word' id='word_1_28' title='bbox 529 1475 592 1538; x_wconf 81' lang='lat' dir='ltr'>cito</span> <span class='ocrx_word' id='word_1_29' title='bbox 605 1473 764 1558; x_wconf 81' lang='lat' dir='ltr'><strong>reparavit</strong></span> <span class='ocrx_word' id='word_1_30' title='bbox 779 1495 871 1539; x_wconf 81' lang='lat' dir='ltr'>orus:</span> 
     </span>
     <span class='ocr_line' id='line_1_8' title="bbox 186 1601 880 1694; baseline 0.004 -23"><span class='ocrx_word' id='word_1_31' title='bbox 186 1601 262 1664; x_wconf 67' lang='lat'>‘25</span> <span class='ocrx_word' id='word_1_32' title='bbox 342 1609 420 1672; x_wconf 82' lang='lat' dir='ltr'>Ausa</span> <span class='ocrx_word' id='word_1_33' title='bbox 432 1617 462 1674; x_wconf 83' lang='lat' dir='ltr'>et</span> <span class='ocrx_word' id='word_1_34' title='bbox 471 1611 629 1694; x_wconf 83' lang='lat' dir='ltr'>jacentem</span> <span class='ocrx_word' id='word_1_35' title='bbox 642 1611 744 1673; x_wconf 84' lang='lat' dir='ltr'>visere</span> <span class='ocrx_word' id='word_1_36' title='bbox 757 1611 880 1694; x_wconf 52' lang='grc'><strong>1881111111</strong></span> 
     </span>
     <span class='ocr_line' id='line_1_9' title="bbox 344 1719 856 1806; baseline 0.004 -22"><span class='ocrx_word' id='word_1_37' title='bbox 344 1719 435 1784; x_wconf 72' lang='lat' dir='ltr'>Voltu</span> <span class='ocrx_word' id='word_1_38' title='bbox 447 1744 561 1802; x_wconf 86' lang='lat' dir='ltr'>sereno,</span> <span class='ocrx_word' id='word_1_39' title='bbox 577 1722 669 1787; x_wconf 83' lang='lat' dir='ltr'>sortis</span> <span class='ocrx_word' id='word_1_40' title='bbox 684 1733 717 1786; x_wconf 87' lang='lat' dir='ltr'>et</span> <span class='ocrx_word' id='word_1_41' title='bbox 732 1744 856 1806; x_wconf 80' lang='lat' dir='ltr'>asperus</span> 
     </span>
    </p>
   </div>
   <div class='ocr_carea' id='block_1_5' title="bbox 382 1833 947 2028">
    <p class='ocr_par' dir='ltr' id='par_1_5' title="bbox 382 1833 947 2028">
     <span class='ocr_line' id='line_1_10' title="bbox 382 1833 874 1919; baseline -0.006 -21"><span class='ocrx_word' id='word_1_42' title='bbox 382 1833 515 1898; x_wconf 73' lang='lat' dir='ltr'>Tractare</span> <span class='ocrx_word' id='word_1_43' title='bbox 528 1842 700 1919; x_wconf 83' lang='lat' dir='ltr'>serpentes,</span> <span class='ocrx_word' id='word_1_44' title='bbox 715 1843 753 1896; x_wconf 89' lang='lat' dir='ltr'>ut</span> <span class='ocrx_word' id='word_1_45' title='bbox 768 1841 874 1896; x_wconf 83' lang='lat' dir='ltr'>abum</span> 
     </span>
     <span class='ocr_line' id='line_1_11' title="bbox 421 1944 947 2028; baseline -0.002 -20"><span class='ocrx_word' id='word_1_46' title='bbox 421 1945 546 2028; x_wconf 83' lang='lat' dir='ltr'>Corpore</span> <span class='ocrx_word' id='word_1_47' title='bbox 560 1944 755 2009; x_wconf 82' lang='lat' dir='ltr'>combiberet</span> <span class='ocrx_word' id='word_1_48' title='bbox 768 1965 926 2008; x_wconf 86' lang='lat' dir='ltr'>venenum</span> <span class='ocrx_word' id='word_1_49' title='bbox 937 1971 947 2021; x_wconf 81' lang='lat'>3</span> 
     </span>
    </p>
   </div>
   <div class='ocr_carea' id='block_1_6' title="bbox 236 2075 946 2497">
    <p class='ocr_par' dir='ltr' id='par_1_6' title="bbox 236 2075 946 2497">
     <span class='ocr_line' id='line_1_12' title="bbox 350 2075 781 2159; baseline 0.014 -21"><span class='ocrx_word' id='word_1_50' title='bbox 350 2075 510 2145; x_wconf 77' lang='lat' dir='ltr'>Delibereto</span> <span class='ocrx_word' id='word_1_51' title='bbox 522 2090 621 2146; x_wconf 84' lang='lat' dir='ltr'>morte</span> <span class='ocrx_word' id='word_1_52' title='bbox 636 2080 781 2159; x_wconf 82' lang='lat' dir='ltr'>ferocior,</span> 
     </span>
     <span class='ocr_line' id='line_1_13' title="bbox 236 2176 885 2256; baseline 0.014 -9"><span class='ocrx_word' id='word_1_53' title='bbox 236 2176 280 2238; x_wconf 80' lang='lat'>30</span> <span class='ocrx_word' id='word_1_54' title='bbox 354 2184 436 2250; x_wconf 79' lang='lat' dir='ltr'>Seria</span> <span class='ocrx_word' id='word_1_55' title='bbox 449 2191 589 2255; x_wconf 87' lang='lat' dir='ltr'>Libmnis</span> <span class='ocrx_word' id='word_1_56' title='bbox 603 2191 726 2256; x_wconf 84' lang='lat' dir='ltr'>scilicet</span> <span class='ocrx_word' id='word_1_57' title='bbox 740 2191 885 2256; x_wconf 71' lang='lat' dir='ltr'>invidens</span> 
     </span>
     <span class='ocr_line' id='line_1_14' title="bbox 389 2299 768 2387; baseline 0.008 -25"><span class='ocrx_word' id='word_1_58' title='bbox 389 2299 499 2366; x_wconf 76' lang='lat' dir='ltr'>Privato</span> <span class='ocrx_word' id='word_1_59' title='bbox 511 2303 618 2368; x_wconf 85' lang='lat' dir='ltr'>deduci</span> <span class='ocrx_word' id='word_1_60' title='bbox 633 2301 768 2387; x_wconf 84' lang='lat' dir='ltr'>superbo</span> 
     </span>
     <span class='ocr_line' id='line_1_15' title="bbox 424 2411 946 2497; baseline 0.002 -22"><span class='ocrx_word' id='word_1_61' title='bbox 424 2411 493 2477; x_wconf 90' lang='lat' dir='ltr'>Non</span> <span class='ocrx_word' id='word_1_62' title='bbox 504 2414 629 2480; x_wconf 84' lang='lat' dir='ltr'>humilis</span> <span class='ocrx_word' id='word_1_63' title='bbox 643 2413 759 2480; x_wconf 84' lang='lat' dir='ltr'>mulier</span> <span class='ocrx_word' id='word_1_64' title='bbox 772 2413 946 2497; x_wconf 88' lang='lat' dir='ltr'>triumpho.</span> 
     </span>
    </p>
   </div>
   <div class='ocr_carea' id='block_1_7' title="bbox 587 2799 787 2866">
    <p class='ocr_par' dir='ltr' id='par_1_7' title="bbox 587 2799 787 2866">
     <span class='ocr_line' id='line_1_16' title="bbox 587 2799 787 2866; baseline -0.01 0"><span class='ocrx_word' id='word_1_65' title='bbox 587 2799 787 2866; x_wconf 84' lang='lat' dir='ltr'>XXXVIII.</span> 
     </span>
    </p>
   </div>
   <div class='ocr_carea' id='block_1_8' title="bbox 388 2939 946 3348">
    <p class='ocr_par' dir='ltr' id='par_1_8' title="bbox 390 2939 917 3034">
     <span class='ocr_line' id='line_1_17' title="bbox 390 2939 917 3034; baseline 0.049 -32"><span class='ocrx_word' id='word_1_66' title='bbox 390 2939 530 3012; x_wconf 72' lang='lat' dir='ltr'>Persicos</span> <span class='ocrx_word' id='word_1_67' title='bbox 544 2951 605 3029; x_wconf 89' lang='lat' dir='ltr'>odi,</span> <span class='ocrx_word' id='word_1_68' title='bbox 621 2971 709 3034; x_wconf 86' lang='lat' dir='ltr'>puer,</span> <span class='ocrx_word' id='word_1_69' title='bbox 726 2947 917 3034; x_wconf 64' lang='lat' dir='ltr'>appulatfflt</span> 
     </span>
    </p>

    <p class='ocr_par' dir='ltr' id='par_1_9' title="bbox 390 3050 946 3144">
     <span class='ocr_line' id='line_1_18' title="bbox 390 3050 946 3144; baseline 0.047 -31"><span class='ocrx_word' id='word_1_70' title='bbox 390 3050 547 3138; x_wconf 81' lang='lat' dir='ltr'>Displicent</span> <span class='ocrx_word' id='word_1_71' title='bbox 560 3083 649 3126; x_wconf 77' lang='lat' dir='ltr'>nexae</span> <span class='ocrx_word' id='word_1_72' title='bbox 663 3061 788 3144; x_wconf 83' lang='lat' dir='ltr'>philyra</span> <span class='ocrx_word' id='word_1_73' title='bbox 802 3081 946 3138; x_wconf 70' lang='lat' dir='ltr'>coronoet</span> 
     </span>
    </p>

    <p class='ocr_par' dir='ltr' id='par_1_10' title="bbox 388 3159 926 3348">
     <span class='ocr_line' id='line_1_19' title="bbox 388 3159 926 3255; baseline 0.033 -32"><span class='ocrx_word' id='word_1_74' title='bbox 388 3159 473 3232; x_wconf 85' lang='lat' dir='ltr'>Mitte</span> <span class='ocrx_word' id='word_1_75' title='bbox 487 3174 601 3251; x_wconf 82' lang='lat' dir='ltr'>sectari,</span> <span class='ocrx_word' id='word_1_76' title='bbox 610 3173 691 3236; x_wconf 71' lang='lat' dir='ltr'>&#39;rose</span> <span class='ocrx_word' id='word_1_77' title='bbox 705 3193 768 3255; x_wconf 90' lang='lat' dir='ltr'>quo</span> <span class='ocrx_word' id='word_1_78' title='bbox 782 3172 926 3236; x_wconf 85' lang='lat' dir='ltr'>locorum</span> 
     </span>
     <span class='ocr_line' id='line_1_20' title="bbox 540 3285 784 3348; baseline -0.008 -1"><span class='ocrx_word' id='word_1_79' title='bbox 540 3285 616 3348; x_wconf 81' lang='lat' dir='ltr'>Seru</span> <span class='ocrx_word' id='word_1_80' title='bbox 629 3289 784 3346; x_wconf 90' lang='lat' dir='ltr'>moretur.</span> 
     </span>
    </p>
   </div>
   <div class='ocr_carea' id='block_1_9' title="bbox 278 3402 1002 3820">
    <p class='ocr_par' dir='ltr' id='par_1_11' title="bbox 278 3402 1002 3820">
     <span class='ocr_line' id='line_1_21' title="bbox 278 3402 896 3507; baseline 0.018 -38"><span class='ocrx_word' id='word_1_81' title='bbox 278 3402 308 3462; x_wconf 86' lang='grc'>5·</span> <span class='ocrx_word' id='word_1_82' title='bbox 411 3409 517 3494; x_wconf 81' lang='lat' dir='ltr'>Simplici</span> <span class='ocrx_word' id='word_1_83' title='bbox 527 3429 631 3507; x_wconf 83' lang='lat' dir='ltr'>myrto</span> <span class='ocrx_word' id='word_1_84' title='bbox 645 3420 726 3484; x_wconf 89' lang='lat' dir='ltr'>nihil</span> <span class='ocrx_word' id='word_1_85' title='bbox 741 3417 896 3482; x_wconf 81' lang='lat' dir='ltr'>allabores</span> 
     </span>
     <span class='ocr_line' id='line_1_22' title="bbox 409 3523 990 3615; baseline 0.014 -31"><span class='ocrx_word' id='word_1_86' title='bbox 409 3523 511 3592; x_wconf 88' lang='lat' dir='ltr'>Sedulus</span> <span class='ocrx_word' id='word_1_87' title='bbox 523 3539 616 3612; x_wconf 73' lang='lat' dir='ltr'>cuto3</span> <span class='ocrx_word' id='word_1_88' title='bbox 639 3551 744 3615; x_wconf 87' lang='lat' dir='ltr'>neque</span> <span class='ocrx_word' id='word_1_89' title='bbox 758 3539 792 3594; x_wconf 90' lang='lat' dir='ltr'>te</span> <span class='ocrx_word' id='word_1_90' title='bbox 806 3528 990 3598; x_wconf 85' lang='lat' dir='ltr'>ministrum</span> 
     </span>
     <span class='ocr_line' id='line_1_23' title="bbox 403 3631 1002 3731; baseline 0.005 -31"><span class='ocrx_word' id='word_1_91' title='bbox 403 3631 513 3706; x_wconf 80' lang='lat' dir='ltr'>Dedecet</span> <span class='ocrx_word' id='word_1_92' title='bbox 525 3652 657 3728; x_wconf 84' lang='lat' dir='ltr'>myrtus,</span> <span class='ocrx_word' id='word_1_93' title='bbox 669 3663 775 3726; x_wconf 90' lang='lat' dir='ltr'>neque</span> <span class='ocrx_word' id='word_1_94' title='bbox 790 3662 842 3731; x_wconf 80' lang='lat' dir='ltr'>me</span> <span class='ocrx_word' id='word_1_95' title='bbox 857 3639 918 3705; x_wconf 90' lang='lat' dir='ltr'>sub</span> <span class='ocrx_word' id='word_1_96' title='bbox 933 3647 1002 3703; x_wconf 80' lang='lat' dir='ltr'>arte</span> 
     </span>
     <span class='ocr_line' id='line_1_24' title="bbox 537 3754 803 3820; baseline -0.015 0"><span class='ocrx_word' id='word_1_97' title='bbox 537 3757 614 3820; x_wconf 84' lang='lat' dir='ltr'>Vite</span> <span class='ocrx_word' id='word_1_98' title='bbox 628 3754 803 3819; x_wconf 88' lang='lat' dir='ltr'>bibentem.</span> 
     </span>
    </p>
   </div>
   <div class='ocr_carea' id='block_1_10' title="bbox 509 3930 890 3982">
    <p class='ocr_par' dir='ltr' id='par_1_12' title="bbox 509 3930 890 3982">
     <span class='ocr_line' id='line_1_25' title="bbox 509 3930 890 3982; baseline -0.005 -2"><span class='ocrx_word' id='word_1_99' title='bbox 509 3933 547 3980; x_wconf 74' lang='lat'>23.</span> <span class='ocrx_word' id='word_1_100' title='bbox 564 3932 684 3982; x_wconf 62' lang='lat' dir='ltr'>utentes</span> <span class='ocrx_word' id='word_1_101' title='bbox 751 3930 791 3979; x_wconf 80' lang='lat'>26.</span> <span class='ocrx_word' id='word_1_102' title='bbox 809 3930 890 3978; x_wconf 74' lang='lat' dir='ltr'>vultu</span> 
     </span>
    </p>
   </div>
   <div class='ocr_carea' id='block_1_11' title="bbox 0 0 1730 5667">
    <p class='ocr_par' dir='ltr' id='par_1_13' title="bbox 0 0 1730 5667">
     <span class='ocr_line' id='line_1_26' title="bbox 0 0 1730 5667; baseline 0 0"><span class='ocrx_word' id='word_1_103' title='bbox 0 0 1730 5667; x_wconf 95' lang='lat' dir='ltr'> </span> 
     </span>
    </p>
   </div>
  </div>
 </body>
</html>
