3450 5667
512 712 749 770 eArlreAlwrr
773 712 852 770 ΗΒ.
884 713 911 771 Ι.
940 713 981 772 iii

204 873 258 938 Ne
271 874 407 938 nummi
423 881 558 957 pereant
573 880 630 937 aut
643 893 729 957 puga
743 881 800 936 sut
815 874 954 958 denique
966 873 1064 939 sama.

207 983 374 1068 Deprendi
389 983 549 1048 miserum
563 991 613 1048 est
621 1009 632 1061 5
655 983 756 1048 Fabio
769 984 819 1048 vel
830 983 941 1066 judice
955 985 1092 1048 vincam.

607 1343 687 1468 '111.

218 1549 379 1614 Oumsus
394 1548 458 1614 boc
471 1549 589 1612 vitium
603 1557 653 1612 est
666 1549 861 1628 cantoribus,
876 1549 961 1613 iuter
976 1549 1096 1613 amicos

218 1659 266 1722 Ut
279 1680 461 1742 numquam
475 1659 630 1722 inducant
646 1659 786 1722 animum
804 1667 933 1722 cantare
945 1661 1064 1742 rogati,

219 1767 336 1851 Injmsi
350 1789 533 1852 numquam
548 1767 713 1832 desistant.
759 1768 880 1831 Sardus
893 1767 1035 1832 habebat

221 1878 279 1942 Ille
292 1879 449 1962 'ligellius
462 1880 535 1943 hoe.
580 1879 698 1958 Caesar,
714 1879 770 1962 qui
785 1899 898 1962 cogere
911 1887 1031 1963 posset,

173 1975 201 2048 '5
222 1989 255 2050 Si
268 1997 393 2072 peteret
407 2011 464 2074 per
478 1989 653 2053 amicitiam
667 1989 766 2072 patris
780 1997 877 2070 atque
891 2009 993 2066 suam,
1009 2010 1076 2052 uon

225 2099 405 2181 Quicquam
418 2099 607 2183 proficeret5
630 2099 658 2162 si
673 2098 880 2176 collibuisset,
896 2098 937 2162 ab
951 2119 1012 2162 ovo

225 2208 333 2292 Usque
349 2209 391 2273 ad
405 2209 491 2273 mala
504 2209 618 2272 ciant
633 2209 673 2274 Io
688 2207 836 2272 Bacche!
862 2208 958 2272 modo
972 2229 1099 2272 summa

226 2317 309 2382 Voce
322 2319 421 2384 modo
434 2319 496 2382 bac
510 2325 639 2382 resonat
654 2337 725 2400 quse
740 2316 868 2382 chordis
882 2325 1020 2400 quatuor
1034 2318 1109 2382 ima.

226 2426 283 2491 Nil
295 2430 417 2513 aequale
432 2428 556 2492 homini
570 2427 711 2492 fuitilli:
735 2427 921 2512 iapevelut
936 2429 991 2510 qui
1168 2445 1354 2498 assumo.

176 2535 212 2596 10
229 2537 380 2604 Currebst
394 2539 521 2622 fugiens
535 2538 673 2616 hostem,
687 2559 828 2622 persoepe
841 2538 931 2602 velut
945 2539 1002 2620 qui

231 2647 362 2713 lunonis
376 2671 467 2714 saera
479 2650 578 2716 ferret
589 2676 600 2728 3
622 2650 762 2714 babebat
776 2671 859 2734 saepe
875 2650 1041 2729 ducentos,

232 2756 318 2840 Saepe
332 2759 442 2824 decem
457 2781 584 2839 scrvos;
608 2759 704 2824 modo
718 2780 809 2843 reges
825 2767 922 2844 atque
935 2758 1124 2839 tetrarchas,

235 2866 345 2932 Omnia
353 2891 472 2953 magua
478 2870 611 2952 loquens
614 2896 625 2948 3
637 2869 743 2948 modo,
751 2869 801 2934 Sit
810 2869 891 2960 mibi
898 2891 1010 2934 mensa
1018 2871 1116 2954 tripes
1124 2877 1158 2934 et
1170 2898 1226 2930 m.
1235 2885 1261 2928 c.
1269 2884 1367 2928 stare

236 2973 358 3042 Concha
371 2979 447 3042 selis
461 2979 533 3062 puri
547 2985 581 3042 et
595 2986 682 3063 toga,
698 2999 769 3062 quae
784 2977 953 3042 defendam
966 2979 1069 3062 frigus

186 3079 217 3140 15
238 3083 381 3152 Quamvis
394 3109 502 3152 crassa
516 3096 621 3172 queat.
667 3087 782 3151 Decies
797 3095 934 3152 centena
947 3087 1086 3152 dedisses

238 3193 318 3262 Huic
331 3219 424 3282 pereo
439 3199 548 3283 paucis
562 3203 724 3276 contento,
741 3197 884 3280 quinque
898 3198 1009 3262 diebus

238 3303 290 3368 Nil
303 3318 369 3372 eret
383 3310 418 3373 iu
432 3307 554 3373 loculis.
598 3308 721 3372 Noctes
735 3307 888 3390 vigilabat
902 3307 1063 3390 adipsum

239 3412 341 3495 blane,
356 3417 442 3481 diem
455 3425 563 3480 totum
578 3414 744 3479 stertebat.
789 3416 846 3479 Nil
861 3415 926 3478 fuit
941 3437 1093 3499 umquam

241 3523 288 3586 Sic
300 3525 402 3609 impar
415 3525 486 3590 sibi.
531 3525 629 3588 Nunc
645 3525 759 3608 aliquis
770 3515 859 3588 dicat
873 3524 975 3589 mihi:
999 3525 1158 3593 Quidtu?

191 3627 225 3690 20
241 3629 373 3699 Nullane
385 3634 484 3699 habes
497 3634 601 3698 vitia?
635 3636 743 3699 Immo
758 3634 821 3698 alia
834 3643 867 3698 et
880 3634 1013 3700 fortusse
1024 3635 1158 3700 minora.

240 3741 371 3808 Meuius
385 3743 551 3808 absentem
565 3743 709 3806 Novium
724 3743 798 3807 cum
813 3751 975 3827 carperet:
1000 3745 1091 3809 Heus
1102 3753 1150 3822 tu,

243 3853 373 3918 Quidam
388 3854 443 3932 ait,
460 3853 589 3936 ignores
603 3853 661 3917 te?
685 3875 727 3917 au
740 3861 778 3916 ut
793 3854 941 3936 ignotum
956 3853 1031 3918 dare
1044 3855 1135 3918 uobis

241 3961 340 4029 Verba
353 3964 470 4046 putas?
516 3964 653 4045 Egomet
667 3963 712 4026 mi
727 3963 869 4046 ignosco,
884 3963 1024 4028 Maenius
1043 3963 1159 4046 iuquit.

245 4073 361 4136 Stultus
374 4081 407 4136 et
421 4073 587 4157 improbus
602 4073 656 4136 bic
670 4091 760 4136 amor
774 4079 823 4135 est
837 4072 1016 4156 dignusque
1030 4073 1146 4137 notari.

195 4183 226 4244 25
244 4186 317 4252 Gom
331 4197 387 4252 tua
400 4187 564 4272 pervideas
578 4187 678 4251 oculis
691 4187 777 4250 mala
790 4187 894 4270 lippus
908 4187 1060 4265 inunctis,
1178 4208 1216 4258 ιιρ,
1227 4208 1248 4250 s.
1258 4207 1278 4249 1.
1287 4207 1307 4246 s
1317 4205 1350 4248 so.

243 4296 300 4362 Gur
313 4299 349 4362 in
363 4298 537 4362 amicorum
552 4295 638 4359 vitiis
653 4303 721 4359 tam
736 4297 839 4360 cernis
855 4304 997 4374 scutum,

245 4406 342 4474 Quam
358 4415 413 4471 aut
428 4405 537 4491 aquila
551 4413 607 4469 sut
621 4427 749 4489 serpeus
763 4405 982 4490 Epidaurius?
1028 4409 1074 4469 At
1088 4407 1148 4469 tibi

296 4529 309 4556 ‘
343 4527 452 4582 contre

200 4675 526 4746 testiumuestmsst.
570 4681 595 4732 7.
612 4681 768 4732 Iobaochas.
820 4683 860 4732 15.
872 4682 987 4732 deciens.
1035 4680 1163 4730 cemus.
