3450 5667
637 832 806 890 EPODON
842 832 907 889 III.

252 996 283 1059 Si
296 1018 370 1079 quos
384 998 463 1061 Eois
476 997 626 1061 intonata
639 996 792 1063 fluetibus

290 1106 420 1191 Hiemps
434 1107 474 1171 ad
489 1107 551 1172 hoe
564 1115 670 1171 vertat
683 1129 771 1171 mare
782 1134 792 1185 ;

252 1216 321 1278 Non
334 1217 412 1281 Afra
426 1219 492 1281 aris
505 1217 678 1282 descendat
691 1218 727 1279 in
740 1226 887 1282 ventrem
901 1238 1019 1295 meum,

290 1326 363 1391 Non
377 1336 506 1411 attagen
521 1327 651 1391 Ionicus

190 1438 221 1497 55
258 1437 431 1515 Jueundior,
447 1461 546 1522 qnam
559 1440 644 1502 lecta
658 1439 699 1502 de
712 1438 930 1522 pinguissimis

220 1630 228 1645 ὓ
292 1548 379 1611 Oliva
390 1550 488 1613 ramis
503 1549 664 1625 arborum,

257 1658 316 1721 Aut
329 1658 423 1722 herba
438 1660 558 1742 lapathi
570 1667 665 1742 prata
675 1657 823 1733 amantis,
839 1664 872 1720 et
887 1656 975 1739 gravi

293 1767 401 1833 Malva
413 1770 556 1833 salubres
569 1769 705 1852 eorpori,

257 1876 312 1940 Vel
324 1900 401 1961 agna
413 1881 502 1945 sestis
516 1902 598 1945 oaesa
611 1879 857 1957 Terminalibus,

193 1984 227 2045 60
294 1989 352 2053 Vel
363 1990 473 2055 hardus
485 1999 614 2075 ereptus
628 1990 715 2074 lupo.

260 2096 321 2162 Has
333 2101 413 2165 inter
426 2102 545 2185 epulas,
560 2112 599 2165 ut
609 2104 702 2185 juvat
715 2110 821 2185 pastas
835 2121 911 2165 oves

295 2210 403 2275 Videre
415 2222 619 2296 properantes
633 2213 765 2276 domum
779 2214 787 2275 Ι

261 2315 364 2383 Videre
374 2321 470 2385 fessos
483 2342 645 2386 vomerem
659 2322 822 2385 inversum
836 2320 933 2385 boves

297 2430 379 2495 Collo
391 2432 553 2497 trahentes
565 2431 718 2515 languido
729 2432 737 2495 1
810 2516 816 2523 ι

197 2532 229 2593 65
263 2536 430 2625 Positosque
444 2564 567 2621 vernas,
583 2542 659 2605 ditis
672 2562 806 2606 eramen
819 2541 944 2619 domus,

298 2648 415 2715 Circum
428 2652 611 2716 renidentes
625 2653 724 2715 Lares
737 2652 770 2714 !”

265 2756 333 2822 Hae
344 2761 397 2826 nbi
408 2763 532 2827 loeutus
545 2764 706 2827 fenerator
721 2762 833 2839 Alfius,

300 2871 318 2933 J
320 2892 364 2935 am
374 2874 440 2957 jam
452 2876 581 2939 futnrm
594 2876 744 2952 mstious,

266 2977 386 3047 Omnem
400 2986 517 3069 redegit
532 2985 648 3051 Idibus
661 2986 875 3069 pecuniam-

204 3083 234 3142 70
301 3090 413 3158 Quarit
427 3097 579 3161 Kalendis
593 3116 720 3181 ponere.

620 3532 688 3597 111.

270 3667 415 3743 Pansam
427 3682 504 3745 olim
518 3683 547 3745 si
562 3681 635 3764 quis
645 3680 745 3765 impia
758 3702 858 3744 manu

303 3784 394 3853 Senile
406 3800 516 3874 guttur
529 3792 670 3875 fregerit,

270 3888 331 3958 Edit
342 3900 444 3967 cicutis
457 3905 556 3967 alium
570 3904 749 3993 noeentius.

303 4004 328 4068 0
340 4008 411 4075 dura
423 4036 598 4079 messorum
610 4016 666 4079 ilia
679 4016 686 4077 1

225 4105 238 4163 5
271 4110 340 4179 Quid
352 4119 406 4186 hoo
420 4126 533 4190 veneni
547 4126 637 4191 saevit
650 4126 686 4188 in
699 4122 905 4207 precordiis?

173 4243 174 4248 ’
303 4224 381 4295 Num
391 4235 550 4318 viperinis
563 4234 615 4299 his
629 4256 723 4299 eruor

269 4329 397 4405 Indoctus
409 4344 515 4411 herbis
528 4367 581 4409 me
594 4345 733 4410 fefellit?
756 4368 797 4409 an
812 4348 912 4411 malas

303 4446 420 4517 Canidia
432 4456 581 4519 tractavit
596 4455 718 4539 dapes?

271 4552 308 4618 Ut
319 4562 509 4646 Argonautas
522 4574 638 4651 praeter
652 4588 762 4631 omnes
777 4567 949 4631 candidum

216 4648 242 4712 ¹0
303 4666 404 4738 Medea
416 4677 530 4739 mirata
544 4684 594 4739 est
608 4677 733 4755 ducem,

338 4833 373 4883 69.
388 4839 485 4900 relegit.
586 4841 609 4886 3.
627 4840 724 4887 allium.
792 4841 830 4888 10.
850 4838 861 4887 ?
879 4840 1006 4887 miratast.

1164 4356 1206 4397 tue.
1218 4354 1238 4396 Β.
1248 4356 1268 4395 2.
1278 4356 1296 4395 8.
1307 4356 1338 4395 52

1164 4474 1207 4515 tra.
1218 4472 1242 4515 c.
1252 4474 1271 4513 2.
1282 4472 1312 4513 la.
1322 4473 1342 4513 ⁰.

1166 4702 1213 4744 nir.
1223 4701 1247 4744 C.
1258 4703 1276 4741 t.
1286 4700 1305 4739 9.
1316 4698 1347 4739 15.
