3450 5667
315 768 371 825 sss
734 761 768 836 o.
790 760 947 822 nomm
969 762 1115 823 mcor

316 954 379 1004 sup.
390 952 414 993 c.
424 955 443 994 s.
454 953 485 994 11.
495 954 514 995 ι.
528 925 644 990 Dictus
658 932 691 989 et
706 926 881 1013 Amphion,
896 926 1057 993 Thebunte
1071 924 1218 991 conditor
1232 923 1325 1003 ercis,

530 1036 613 1099 Saxo
627 1056 753 1099 movere
768 1058 847 1101 sono
861 1037 1034 1101 testudinis
1048 1044 1081 1101 et
1095 1056 1189 1120 prece
1202 1034 1322 1099 blando
1462 1035 1529 1099 395

528 1147 654 1211 Ducere
670 1168 734 1230 quo
748 1148 853 1211 vellet.
899 1148 977 1213 Fuit
991 1146 1061 1212 haec
1075 1146 1231 1231 supientia
1245 1144 1419 1230 quondum,

528 1258 663 1324 Publica
676 1258 807 1342 privatis
821 1278 995 1336 secernere,
1011 1279 1101 1321 soors
1114 1256 1268 1342 profanis,

392 1002 418 1045 B.
428 1005 514 1047 lusu.

528 1367 713 1431 Concubitu
726 1366 896 1450 prohibere
910 1388 1002 1447 vago,
1017 1366 1093 1429 dure
1104 1366 1180 1448 jura
1193 1364 1331 1445 moritis,

528 1475 655 1561 Oppida
669 1476 785 1554 moliri,
800 1476 888 1559 leges
901 1476 1042 1541 incidere
1055 1476 1144 1559 ligno
1157 1502 1165 1541 :

529 1588 583 1652 Sic
597 1587 748 1652 honoret
762 1608 881 1651 nomen
895 1586 1011 1651 divinis
1025 1586 1151 1651 vatibus
1165 1595 1263 1670 utque
1462 1588 1531 1649 400

528 1697 733 1763 Carminibus
748 1696 844 1761 venit.
890 1698 970 1762 Post
983 1696 1044 1761 hos
1057 1697 1194 1780 insignis
1209 1698 1372 1762 Homerus

317 1856 373 1889 aar.
384 1846 409 1889 ῃ,
420 1846 438 1887 1,
449 1846 468 1887 ι,
477 1846 509 1887 04
528 1812 737 1895 Tyrtaeusque
752 1828 857 1871 mares
872 1808 995 1873 animos
1009 1808 1044 1870 in
1058 1808 1181 1872 Martio
1194 1808 1279 1872 bellu

527 1917 683 1983 Versibus
698 1917 843 1995 exacuit3
867 1916 963 1981 dictoe
976 1938 1034 2000 per
1048 1918 1190 1981 carmina
1204 1925 1316 1996 sortes,

527 2032 570 2094 Et
586 2030 659 2094 vitae
675 2036 852 2093 monstrata
865 2028 918 2091 vie
931 2035 1002 2106 est3
1025 2037 1058 2091 et
1071 2028 1176 2111 gratio
1189 2048 1302 2111 regum

529 2140 640 2203 Pieriis
654 2146 813 2222 temptato
827 2138 941 2216 modis,
956 2137 1116 2221 ludusque
1129 2147 1274 2222 repertus
1461 2138 1527 2202 405

528 2252 572 2314 Et
586 2250 755 2333 longorum
771 2270 905 2332 operum
920 2249 1013 2314 finis:
1036 2249 1176 2314 neforto
1191 2248 1305 2333 pudori

317 2390 363 2431 ⁴07.
373 2378 397 2419 c.
407 2380 426 2421 r.
436 2380 455 2420 s.
465 2380 497 2421 ss.
530 2361 580 2425 Sit
594 2360 654 2424 tibi
670 2360 767 2423 Musa
780 2361 859 2444 lyrae
874 2360 971 2424 solers
986 2368 1020 2424 ct
1033 2367 1146 2425 centor
1158 2360 1285 2445 Apollo.

528 2472 658 2537 Nature
672 2471 762 2535 fieret
776 2470 935 2534 laudabile
949 2491 1090 2551 carmen,
1106 2492 1149 2535 un
1162 2482 1241 2550 arte,

529 2582 759 2647 Quaesiumst:
783 2602 843 2664 ego
856 2602 917 2645 neo
930 2581 1075 2645 studium
1088 2582 1156 2646 sine
1171 2582 1269 2647 divite
1282 2602 1373 2660 veno,

527 2692 601 2757 Nec
614 2692 694 2756 rude
710 2692 786 2775 quid
801 2692 903 2776 possit
916 2692 1007 2756 rideo
1020 2692 1187 2774 ingenium
1198 2719 1209 2772 3
1232 2690 1362 2757 ulterius
1376 2690 1423 2756 sic
1458 2693 1529 2755 410

474 2870 476 2877 ,
528 2804 642 2869 Altera
656 2802 758 2886 poscit
773 2823 867 2887 opem
881 2824 932 2866 res
947 2811 980 2867 et
994 2803 1141 2886 conjuret
1155 2804 1267 2868 amice.

530 2915 597 2981 (lui
612 2914 720 2979 studet
734 2922 877 2998 optatum
889 2934 985 2978 cursu
998 2914 1184 2997 contingere
1198 2922 1329 2992 metum,

451 3010 454 3017 ⁵
530 3025 639 3090 Multo
653 3025 729 3089 tulit
744 3024 883 3108 fecitque
898 3046 988 3109 puer,
1003 3020 1130 3113 sudarit
1144 3032 1178 3089 et
1193 3025 1276 3103 alsit,

529 3136 697 3199 Abstinuit
711 3136 838 3199 Venere
852 3148 887 3199 ct
901 3136 996 3214 vino;
1020 3136 1075 3220 qui
1092 3136 1210 3221 Pythia
1223 3144 1333 3200 cuntot

529 3246 672 3324 Tibicen,
688 3244 800 3309 didicit
815 3245 903 3329 prius
916 3246 1129 3331 extimuitque
1143 3248 1344 3330 magistrum.
1461 3250 1527 3311 415

313 3398 369 3439 pan.
380 3388 405 3429 r.
414 3388 431 3429 1.
441 3388 472 3429 m.
483 3388 514 3428 ro.
529 3358 600 3421 Nee
614 3356 691 3421 satis
706 3363 755 3420 est
769 3356 887 3420 dixisse
900 3381 908 3420 r
931 3357 1003 3440 Ego
1018 3356 1100 3420 miro
1113 3362 1263 3441 poemata
1276 3378 1403 3440 pung03

529 3469 673 3553 Occupet
688 3476 868 3532 extremum
882 3467 1023 3545 scabiem
1046 3467 1127 3531 milri
1141 3477 1235 3551 turpe
1249 3466 1386 3551 relinqui
1401 3474 1451 3530 est

529 3582 581 3657 Et,
598 3579 683 3663 quod
698 3599 762 3643 non
778 3578 887 3657 didici,
902 3599 980 3642 sune
993 3578 1116 3643 nescire
1130 3579 1232 3643 fateri

530 3692 578 3754 Ut
592 3710 705 3773 praeoo,
721 3689 762 3754 sd
777 3710 898 3753 meroes
911 3688 1040 3753 turbam
1056 3690 1113 3772 qui
1126 3689 1213 3773 cogit
1227 3688 1386 3768 emendus,

528 3802 752 3865 Assentutores
763 3800 857 3884 jubet
872 3800 913 3863 ud
926 3800 1054 3863 lucrum
1068 3801 1116 3865 ire
1130 3805 1224 3885 poete
1461 3803 1529 3865 420

529 3912 626 3975 Dives
642 3912 736 3995 egris,
752 3912 839 3975 dives
854 3906 966 3995 positis
980 3912 1015 3975 in
1028 3912 1139 3977 fenore
1152 3911 1304 3977 nummis.

530 4024 566 4087 Si
580 4043 654 4087 vero
669 4030 728 4100 est,
743 4030 880 4086 unctum
895 4022 950 4105 qui
963 4031 1050 4087 recte
1064 4044 1182 4107 ponere
1196 4024 1295 4108 possit

488 4125 490 4134 ’
528 4136 573 4198 Et
588 4131 741 4217 spondere
756 4132 818 4196 levi
833 4154 892 4216 pro
907 4154 1043 4217 paupere
1057 4143 1091 4197 et
1106 4134 1227 4217 eripere
1242 4134 1321 4197 utris

316 4265 365 4306 ns».
376 4264 401 4306 u.
412 4264 430 4305 1.
440 4264 472 4305 rr.
482 4264 514 4303 m.
528 4243 656 4310 Litibus
670 4242 874 4325 implicitum,
888 4242 1038 4320 mirabor,
1054 4244 1083 4306 si
1096 4244 1175 4307 sciet
1188 4244 1289 4308 inter-

528 4355 670 4419 Nosoere
685 4352 872 4417 mendacem
885 4374 1060 4437 verumque
1076 4353 1188 4418 beatus
1202 4356 1352 4420 amicum.
1461 4360 1527 4420 425
1550 4366 1566 4385 ⁶
1592 4416 1600 4427 ,

528 4468 578 4530 'lu
592 4486 649 4528 seu
664 4463 792 4528 donaris
806 4484 863 4527 seu
878 4463 956 4547 quid
970 4462 1089 4529 donsre
1103 4465 1189 4529 voles
1203 4466 1265 4544 cui,

528 4574 641 4640 Nolito
656 4574 696 4637 sd
711 4594 820 4637 versus
834 4572 895 4637 tibi
910 4573 1011 4639 factos
1026 4574 1142 4640 ducere
1157 4576 1289 4660 plenum

529 4712 586 4760 094.
604 4710 682 4759 urbis.
750 4710 807 4760 404.
825 4710 929 4759 lvio-st.
1004 4710 1063 4759 409.
1081 4712 1281 4773 qumitumcst.
1360 4714 1417 4761 410.
1435 4716 1528 4776 prosit.
1610 4671 1628 4697 x

530 4778 586 4826 416.
604 4792 669 4834 norm
688 4791 764 4825 nunc.
832 4776 889 4826 417.
902 4776 913 4826 l
926 4778 1078 4839 relinquist5
1096 4784 1136 4827 est
1149 4796 1195 4827 om.
1208 4780 1236 4827 Β.
1245 4782 1270 4828 S.
1339 4782 1395 4828 422.
1409 4780 1420 4829 ἒ
1433 4793 1530 4831 verost.
