3450 5667
523 755 762 818 SATIRARUM
798 755 876 815 ΜΒ.
905 753 952 814 II.
980 753 1018 811 iii.
1321 747 1376 806 ltt

182 925 237 987 215
260 923 343 987 Huic
356 933 473 988 vestem
488 931 528 987 ut
542 930 659 1006 gnatae,
675 931 765 1006 paret
780 921 922 999 ancillas,
936 925 1027 1004 paret
1037 936 1160 991 aurum,

260 1035 369 1098 liniam
384 1043 416 1098 et
430 1035 588 1099 Pusillam
600 1035 737 1118 appellet
751 1034 891 1117 fortique
904 1032 1021 1095 marito
1174 1033 1218 1080 s*
1228 1033 1250 1074 ⁸·
1258 1033 1279 1073 2
1289 1035 1309 1073 ⁵·
1317 1035 1350 1074 θ*

259 1145 400 1209 Destinet
414 1167 549 1210 uxorem
560 1171 571 1224 ;
594 1145 765 1208 interdicto
779 1145 856 1208 huic
870 1163 967 1208 omne
980 1141 1102 1204 adimat
1109 1139 1164 1222 jus

260 1257 386 1334 Praetor,
401 1263 433 1320 ct
448 1256 490 1319 ad
504 1276 600 1318 sanos
615 1253 709 1318 abeat
723 1254 827 1318 tutela
840 1253 1044 1337 propinquos.

263 1365 368 1432 Quid?
389 1366 417 1430 si
432 1367 504 1449 quis
520 1375 653 1450 gnatam
666 1385 725 1448 pro
739 1373 831 1428 muta
845 1364 978 1427 devoret
993 1383 1086 1444 agua,
1176 1383 1230 1422 ια.
1239 1379 1320 1422 aaa
1329 1379 1375 1423 ιω.

190 1477 245 1538 220
265 1477 389 1558 integer
401 1485 449 1540 est
464 1477 591 1540 animi?
634 1477 690 1541 Ne
705 1474 831 1538 dixeris.
875 1475 963 1556 Ergo
976 1473 1033 1537 ubi
1046 1494 1144 1555 prava

266 1587 412 1665 Stultitia,
427 1587 482 1651 hic
496 1609 624 1650 summa
638 1594 688 1650 est
701 1583 844 1660 insania3
867 1585 924 1667 qni
937 1583 1119 1661 sceleratus,

265 1697 305 1760 Ilt
318 1697 450 1760 furiosus
459 1694 548 1774 'erit3
572 1716 667 1779 quem
682 1695 766 1779 oepit
780 1693 881 1757 vitrea
893 1692 991 1770 fama,

267 1806 358 1870 Hunc
371 1807 598 1871 circumtonuit
611 1805 753 1892 gaudeus
767 1804 904 1868 Bellona
916 1804 1067 1868 cruentis.

265 1916 355 1980 Nunc
369 1939 425 2001 age
434 1918 596 1982 luxuriam
606 1925 640 1980 et
650 1917 895 1980 Nomentanum
905 1915 1009 1999 arripe
1019 1936 1146 1979 mecum
1156 1943 1164 1981 z
1178 1933 1227 1963 fl·
1237 1922 1260 1962 ⁸·
1268 1923 1289 1962 ²
1298 1921 1318 1962 ¹·
1325 1923 1361 1963 ⁰·-

195 2026 247 2086 225
266 2023 475 2092 Vincetenim
489 2028 606 2091 stultos
620 2027 703 2091 ratio
718 2025 857 2090 insanire
872 2034 1014 2109 nepotes.
1178 2037 1223 2079 ds
1233 2037 1255 2078 ⁸-
1264 2037 1284 2078 1·
1293 2037 1367 2078 ιω.

268 2137 327 2202 Hic
340 2139 433 2202 simul
447 2139 567 2223 accepit
582 2137 753 2222 patrimoni
769 2137 857 2200 mille
871 2137 1002 2214 talenta,

268 2248 377 2328 Edicit,
393 2249 530 2334 piscator
543 2249 603 2322 uti,
617 2247 790 2332 pomarius,
807 2267 935 2330 auceps,

269 2361 501 2444 Unguentarius
515 2383 553 2425 ac
567 2361 663 2426 'l'uaci
677 2361 774 2426 turba
787 2360 888 2444 impia
900 2361 973 2440 vici,
1181 2363 1268 2406 Mu
1277 2363 1326 2404 ²¹·
1332 2365 1378 2404 Μ-

269 2469 345 2535 Cum
358 2472 474 2537 scurris
488 2473 598 2551 fartor,
614 2493 689 2538 cum
702 2472 845 2536 Velabro
858 2493 954 2536 omne
966 2471 1139 2535 macellum
1180 2491 1236 2522 w·
1245 2479 1272 2520 ἱ
1282 2479 1378 2520 ¹-¹⁵·³¹·

198 2579 252 2644 230
270 2583 362 2648 Mane
376 2584 507 2648 domum
521 2585 661 2649 veniant.
707 2583 795 2650 Quid
809 2584 908 2648 tum?
951 2585 1080 2648 Venere
1104 2583 1167 2646 fre·

431 2701 574 2778 quentes.

270 2801 369 2868 Verba
376 2803 452 2868 iacit
458 2805 549 2869 leno:
567 2805 732 2889 Quidquid
742 2804 833 2885 mihi,
845 2755 1170 2888 quidquidcthorurn

272 2913 384 2999 Cuique
398 2915 486 2980 domi
500 2923 559 2995 est,
574 2916 609 2980 id
623 2916 717 2981 crede
732 2925 827 2980 tuum
853 2925 887 2981 et
909 2917 960 2980 vel
984 2937 1073 2980 nunc
1096 2925 1170 3000 pete

430 3027 481 3090 vel
495 3047 575 3092 cras.

271 3135 387 3219 Accipe,
403 3137 480 3220 quid
494 3145 606 3202 contra
616 3138 744 3222 juvenis
758 3139 959 3222 responderit
973 3161 1104 3224 aequus:

272 3243 390 3310 Inuive
404 3249 536 3312 Lucana
549 3247 669 3312 dormis
683 3257 839 3328 ocreatus,
855 3257 893 3312 ut
907 3271 1020 3334 aprum
1185 3285 1356 3328 mm,

206 3349 256 3412 235
275 3353 385 3420 Cenem
399 3379 479 3442 ego:
502 3365 539 3422 tu
553 3359 656 3442 pisces
671 3358 805 3424 hiberno
820 3381 858 3423 ex
873 3382 1001 3444 aequore
1015 3360 1134 3439 verris3

274 3467 378 3550 Segnis
392 3491 453 3553 ego
466 3469 618 3554 indignus
633 3470 687 3554 qui
702 3479 831 3534 tantum
846 3472 1042 3555 possideam:
1059 3471 1169 3536 aufer!

274 3687 361 3754 Unde
375 3713 454 3756 uror
467 3692 572 3756 media
586 3693 687 3756 currit
702 3693 742 3757 de
756 3701 851 3758 nocte
865 3702 988 3758 vocata.

275 3794 368 3861 Filius
382 3800 493 3884 AEsopi
507 3801 685 3864 detractam
701 3822 739 3865 er
756 3823 832 3865 aure
848 3801 999 3882 Metellae,

206 3898 258 3960 2l0
276 3904 395 3972 Scilicet
408 3915 447 3973 ut
461 3909 565 3974 decies
579 3910 717 3975 solidum
732 3910 928 3991 obsorberct,
944 3921 1034 3977 aceto

274 4011 371 4080 Diluit
384 4017 543 4102 insignem
558 4019 671 4084 bacam
685 4046 692 4084 ε
717 4021 772 4104 qui
786 4021 894 4085 sanior
907 4043 944 4086 ac
958 4023 987 4085 si

275 4124 355 4191 Illud
368 4129 451 4193 idem
464 4130 500 4194 in
514 4130 662 4215 rapidum
677 4131 797 4196 flumen
809 4133 968 4216 iaceretve
983 4133 1150 4198 cloacam?

276 4235 383 4300 Quinti
396 4242 562 4324 progenies
576 4242 663 4321 Arri,
678 4263 737 4325 par
750 4243 858 4307 nobile
871 4243 1021 4321 fratrum,
1189 4269 1241 4312 an.
1267 4279 1288 4310 ο.
1296 4268 1330 4309 aa.

275 4343 421 4430 Nequitia
435 4359 467 4414 et
482 4351 589 4436 nugis,
604 4373 775 4436 pravorum
789 4361 823 4416 et
838 4375 946 4417 amore
960 4353 1145 4437 gemellum,

209 4447 257 4510 245
276 4453 432 4525 luscinias
446 4462 533 4526 soliti
548 4462 693 4547 impenso
707 4462 860 4548 prandere
876 4467 1048 4548 co'e'mptas,

1188 3956 1366 4000 dammi.

242 4611 288 4659 216,
303 4615 402 4681 Pupam,
415 4623 509 4671 Pusam
521 4643 528 4680 ς
547 4623 677 4684 Pusillam,
689 4623 818 4672 Rufillam.
902 4623 959 4672 219.
977 4622 1064 4685 siqui,
1076 4624 1146 4672 Boot.

222 4673 267 4724 ²²1·
282 4679 423 4735 tremuisse
432 4709 439 4746 ς
457 4689 797 4804 mbmdldst'ei'sorberilz'
817 4690 945 4739 idomist.
1023 4689 1081 4738 2³5.
1098 4691 1180 4738 vellis.
