3450 5667
777 748 812 819 Q.
832 747 992 807 nourr!
1009 746 1154 807 FLACOI

757 915 893 999 Peq'ura
906 936 1068 1000 pugnaees
1082 916 1226 981 Achivos

800 1026 971 1091 Hectoreis
985 1026 1099 1111 opibus
1113 1027 1270 1111 refringit
1284 1052 1293 1091 ε

680 1166 703 1197 “
712 1160 906 1245 Nostriaqne
921 1159 1055 1225 ductum
1071 1160 1294 1227 seditionibus

712 1271 844 1335 Bellum
858 1270 987 1337 resedit.
1033 1272 1187 1337 Protinus
1201 1280 1237 1337 et
1255 1292 1381 1357 gaves
1545 1266 1581 1327 30

755 1384 839 1461 Iros,
854 1396 888 1447 et
903 1382 1041 1447 invisum
1057 1392 1222 1468 nepotem,

797 1494 912 1559 Troica
926 1515 1022 1577 quem
1037 1494 1162 1579 peperit
1176 1494 1350 1571 sacerdos,

678 1636 701 1666 “
712 1629 817 1695 Morti
830 1630 1002 1695 redonabo.
1048 1632 1147 1697 Illum
1162 1652 1223 1716 ego
1237 1630 1376 1697 lucidas

712 1740 803 1805 Inire
817 1739 920 1819 sedes,
936 1739 1052 1805 ducere
1066 1742 1205 1807 nectaris

755 1854 870 1931 Snoos,
886 1859 920 1915 et
935 1850 1072 1915 adscribi
1087 1852 1204 1935 quietis

797 1962 975 2029 Ordinibus
989 1962 1094 2047 patiar
1107 1962 1252 2029 deorum.

678 2105 702 2136 “
712 2098 801 2163 Dum
815 2098 932 2183 longus
947 2098 1032 2164 inter
1047 2100 1155 2165 meist
1169 2098 1258 2164 Ilion

711 2210 914 2293 Romamque
928 2218 1056 2294 pontus,
1073 2209 1216 2295 qnalibet
1230 2211 1368 2275 exsules

754 2322 797 2386 In
810 2330 903 2405 parte
917 2330 1074 2405 regnanto
1088 2320 1195 2385 beati:

797 2437 887 2501 Dum
905 2436 1025 2502 Priami
1039 2436 1226 2521 Paridisque
1243 2437 1347 2503 busto

678 2576 700 2608 ‘⁴
714 2573 856 2638 Insultet
871 2580 1064 2650 armentum,
1080 2582 1114 2638 et
1128 2574 1251 2639 catulos
1264 2574 1348 2639 ferae

368 2708 425 2763 cap.
434 2710 459 2752 c.
470 2711 489 2751 1.
498 2710 560 2751 ua
709 2684 825 2749 Celent
838 2684 963 2763 inultm,
979 2692 1044 2749 stet
1060 2684 1256 2769 Capitolium

753 2796 906 2880 Fulgens,
922 2796 1191 2881 triumphatisque
1205 2798 1306 2881 possit

366 2940 400 2977 ⁴⁴·
409 2924 434 2965 c.
444 2926 464 2966 1.
475 2926 505 2966 ιι.
516 2928 548 2965 m.
795 2910 902 2975 Roma
915 2908 1004 2973 ferox
1020 2908 1094 2973 dere
1105 2909 1181 2993 jura
1196 2910 1312 2974 Medis.

410 2976 549 3017 Ruit&

366 3100 401 3143 45,
410 3092 435 3134 ο,
445 3093 464 3135 4
475 3093 507 3134 „A
517 3093 548 3133 1,
677 3049 700 3081 “
713 3043 885 3109 Horrenda
899 3044 964 3109 late
979 3064 1098 3109 nomen
1113 3044 1148 3107 in
1162 3044 1294 3109 ultimas

708 3159 872 3225 Extendat
886 3180 969 3237 oras,
985 3180 1048 3242 qna
1062 3158 1188 3223 medius
1203 3158 1307 3242 liquor

753 3270 900 3337 Seoernit
915 3271 1067 3354 Europen
1082 3268 1123 3333 ab
1137 3268 1230 3348 Alro,

795 3383 871 3451 Qua
884 3380 1029 3446 tumidus
1047 3380 1133 3465 rigat
1147 3402 1222 3446 erve
1237 3378 1356 3447 Nilus:

676 3523 699 3555 “
709 3520 837 3583 Aurum
850 3518 1052 3603 irrepertum,
1068 3524 1101 3582 et
1116 3516 1162 3581 sic
1177 3516 1291 3581 melius
1306 3517 1410 3583 situm

707 3631 792 3695 Cum
805 3635 892 3693 terra
906 3628 998 3708 celet,
1015 3649 1163 3713 spernere
1173 3628 1285 3693 fortior

751 3739 859 3807 Quam
875 3762 989 3824 cogere
1003 3739 1163 3805 humanos
1177 3740 1212 3804 in
1227 3762 1315 3818 usus,

794 3852 902 3917 Omne
916 3870 1042 3915 sacrum
1057 3851 1201 3936 rapiente
1216 3850 1338 3915 dextra.

673 3995 696 4027 “
709 3988 903 4072 Quicunque
917 3987 1039 4053 mundo
1054 3987 1212 4052 terminus
1225 3986 1365 4067 obstitit,

708 4102 806 4165 Hunc
820 4108 933 4184 tanget
948 4100 1055 4178 armis,
1071 4098 1171 4163 visere
1186 4099 1338 4183 gestiens,

751 4212 826 4280 Qua
838 4220 931 4295 parte
945 4209 1183 4277 debacchentur
1196 4210 1297 4293 ignes,

793 4324 869 4392 Qua
885 4321 1013 4387 nebulae
1027 4322 1190 4407 pluviique
1204 4342 1302 4386 rores.

674 4458 775 4526 “Sed
788 4458 948 4525 bellicosis
962 4458 1031 4522 fota
1045 4456 1228 4526 Quiritibus

707 4573 781 4636 Hac
794 4570 867 4654 lege
881 4570 974 4647 dico;
998 4590 1039 4633 ne
1054 4569 1191 4635 nimium
1208 4568 1252 4653 pii

875 4774 916 4821 Μ.
934 4770 1041 4821 disoero.
1117 4774 1158 4821 et.
1177 4774 1277 4833 taugut.
