3450 5667
741 760 774 834 o.
794 757 956 818 norm
969 757 1114 816 moer

981 959 1091 1026 XXV.

666 1097 816 1162 Psncros
827 1095 959 1181 junctos
973 1093 1125 1180 quatiunt
1138 1092 1295 1160 fenestras

666 1206 793 1274 Ictibus
807 1207 928 1272 crebris
938 1207 1075 1292 juvenes
1087 1205 1239 1292 protervi,

665 1318 739 1382 Neo
753 1316 814 1382 tibi
828 1336 957 1381 somnos
979 1315 1146 1382 adimunt:
1169 1321 1321 1399 smstqne

797 1427 906 1492 anus
918 1427 1030 1506 limen,

668 1563 751 1631 Qnae
764 1561 853 1648 prius
868 1561 1009 1626 multum
1023 1560 1128 1625 fnoilis
1141 1560 1287 1626 movebat

667 1673 834 1740 cardines.
878 1671 984 1740 Audis
997 1672 1368 1758 minnsetminnsjnm,
1607 1706 1608 1753 1

668 1789 692 1820 “
700 1783 759 1848 Me
774 1793 832 1848 tuo
846 1783 960 1868 longos
973 1791 1128 1868 pereunte
1142 1793 1263 1863 noctes,

798 1893 913 1980 Lydia,
928 1893 1050 1958 dormis
1059 1894 1100 1956 ?'’

668 2027 813 2094 Invioem
827 2027 971 2092 moechos
986 2049 1067 2092 snus
1080 2029 1261 2113 arrogantis

547 2143 551 2153 '
668 2137 776 2204 Flebis
789 2139 823 2202 in
838 2138 907 2203 solo
921 2138 999 2203 levis
1013 2140 1206 2225 angiportu3

668 2250 805 2316 'l'hrsoio
818 2250 997 2318 bsochnnte
1010 2253 1114 2337 magis
1127 2253 1189 2318 sub
1202 2253 1301 2319 inter·

798 2361 890 2460 lunio
902 2369 1011 2442 vento,

671 2497 782 2566 Quum
798 2495 859 2560 tibi
873 2495 1013 2580 flagrans
1028 2516 1128 2578 emor,
1143 2505 1178 2562 et
1190 2497 1301 2576 libido,

669 2608 753 2675 Quae
768 2607 849 2671 solet
863 2615 984 2671 matres
997 2605 1117 2671 furiare
1130 2627 1296 2692 equorum,

670 2716 789 2782 Steviet
802 2715 888 2781 eim
897 2715 991 2800 jecor
1004 2717 1205 2800 uloerosum3

799 2827 880 2892 Non
893 2827 962 2892 sine
979 2835 1107 2912 questu,

669 2965 762 3030 Isaete
776 2963 864 3048 qnod
876 2963 978 3048 pubes
991 2963 1112 3030 hedera
1123 2963 1242 3029 virenti

671 3073 821 3140 Gaudent
835 3074 924 3159 pullo
936 3075 1040 3159 magis
1053 3083 1151 3159 atque
1165 3083 1283 3161 myrto,

668 3185 785 3251 An'dss
799 3183 929 3250 frondes
944 3185 1074 3250 Hiemis
1088 3185 1190 3252 sodali

798 3293 935 3360 Dedioet
951 3295 1079 3360 Hebro.

972 3679 1101 3745 XXVI.

668 3805 780 3870 Mosrs
795 3805 928 3886 omions,
943 3806 1111 3871 tristitiem
1125 3815 1160 3872 et
1172 3815 1279 3873 metus

668 3917 804 3984 Trndnm
820 3919 976 4002 protervis
990 3917 1025 3982 in
1039 3939 1129 3983 more
1144 3918 1309 3984 Creticum

712 4028 845 4095 Portare
860 4029 975 4109 ventis,
992 4028 1064 4113 quis
1077 4028 1139 4094 sub
1154 4031 1259 4096 Arcto

756 4137 825 4204 Bon
840 4139 955 4222 gelide
969 4146 1134 4206 metuatur
1147 4161 1223 4221 oros,

666 4271 754 4340 Quid
769 4273 934 4341 Tiridsten
947 4283 1077 4358 terrent,
1091 4277 1188 4343 nnioe

667 4384 815 4448 Ssom'us.
861 4385 902 4464 0,
919 4408 991 4470 quae
1006 4387 1150 4452 fontibus
1163 4387 1301 4472 integris

711 4493 852 4575 Gaudes,
868 4497 992 4581 sprioos
1006 4508 1100 4563 necte
1113 4499 1220 4578 flores,

753 4607 858 4672 Necte
874 4630 946 4675 meo
961 4609 1085 4675 Lomiae
1099 4631 1263 4688 eoronam,

542 4767 602 4803 xxv.
621 4757 644 4803 2.
658 4755 781 4818 jactibus.
833 4757 856 4803 9.
875 4760 1035 4817 arrogantes.
1088 4755 1127 4807 17.
1145 4759 1256 4808 virente.
1323 4759 1363 4808 20.
1377 4759 1457 4820 Euro,
1470 4763 1557 4819 Bent,
