3450 5667
786 723 819 797 Q.
842 726 1000 786 sorar!
1015 729 1160 788 mccl

586 891 754 958 Quantum
769 892 847 960 hinc
861 895 1058 964 imminuet?
1081 909 1202 983 quanto
1217 909 1276 965 aut
1289 922 1349 986 ego
1371 903 1485 986 parcius,
1496 911 1533 964 aut

756 1025 823 1083 vos,
857 1025 864 1032 ·

585 1113 615 1178 0
630 1113 730 1198 pueri,
746 1115 900 1194 nituistis,
916 1125 955 1180 ut
968 1117 1033 1182 huc
1047 1140 1150 1183 novus
1163 1119 1271 1185 incola
1283 1123 1394 1186 venit?

373 1251 552 1296 mosim
584 1226 672 1290 Nam
688 1225 822 1310 proprie
835 1227 1065 1292 telluriserum
1079 1238 1197 1295 natura
1209 1233 1413 1316 nequeillum
1569 1302 1570 1319 ,

584 1335 656 1398 Neo
669 1357 722 1400 me
736 1356 796 1400 nec
811 1357 1004 1420 quemquam
1017 1341 1150 1404 statuit:
1174 1363 1234 1405 uos
1248 1343 1445 1426 expolitius,
1492 1342 1535 1401 130

585 1445 683 1510 Illum
698 1453 754 1511 aut
769 1447 929 1530 nequities
942 1457 1000 1512 aut
1012 1450 1093 1513 vafri
1107 1451 1237 1515 inscitia
1247 1453 1341 1536 juris,

585 1557 788 1620 Postremum
802 1558 941 1641 expellet
954 1569 1040 1623 oerte
1054 1561 1193 1625 vivacior
1208 1561 1313 1629 heres.

583 1667 682 1730 Nunc
696 1689 773 1750 ager
787 1667 948 1732 Umbreni
961 1669 1022 1732 sub
1036 1671 1177 1749 nomine,
1192 1693 1301 1756 nuper
1313 1671 1419 1737 Ofelle

584 1777 712 1856 Dictus,
727 1779 788 1842 erit
802 1779 884 1842 nulli
898 1781 1063 1864 proprius,
1086 1781 1143 1844 sed
1156 1783 1252 1846 cedet
1266 1785 1303 1846 in
1316 1804 1405 1846 usum

582 1888 682 1952 Nunc
696 1887 785 1964 mihi,
801 1910 889 1954 nuuc
903 1891 968 1954 alii.
1013 1892 1173 1958 Quocirca
1186 1893 1286 1957 vivite
1299 1895 1403 1970 forta,
1492 1889 1535 1949 135

584 1997 755 2082 Fortiaque
769 1997 909 2062 advenis
923 2000 1074 2084 opponite
1087 2009 1218 2086 pectora
1230 2003 1339 2068 rebus.

1045 2422 1116 2488 111.

582 2567 640 2631 Sic
656 2586 730 2630 raro
744 2565 867 2644 scribis,
880 2571 919 2628 ut
933 2573 1003 2631 toto
1016 2587 1084 2631 non
1098 2574 1212 2650 quater
1226 2589 1315 2632 auno

370 2711 431 2742 m
441 2699 467 2742 s.
479 2699 502 2742 e.
511 2703 556 2744 sss.
581 2675 808 2741 Membranam
822 2695 944 2759 poscas,
958 2677 1150 2761 scriptorum
1165 2699 1303 2762 quasque
1315 2686 1458 2751 retexens,

583 2785 690 2849 Iratus
705 2785 765 2850 tibi
780 2785 866 2868 quod
879 2785 946 2848 vini
960 2787 1129 2870 somnique
1143 2787 1304 2871 benignus

581 2887 640 2952 Nil
655 2885 789 2970 ὤςιιιιιιι
805 2907 951 2950 sermone
965 2907 1071 2952 onnus.
1117 2887 1208 2955 Quid
1220 2891 1306 2953 fiet?
1347 2894 1392 2954 At
1404 2885 1470 2970 ipsis

583 3002 807 3067 Saturnalibus
821 3001 886 3067 huo
899 3003 1022 3086 fugisti.
1067 3003 1202 3068 Sobrius
1221 3027 1300 3089 ergo
1523 2997 1537 3052 5

368 3159 418 3200 μ..
428 3148 454 3191 s.
466 3149 488 3192 e.
500 3147 543 3190 us
582 3115 644 3182 Dio
659 3115 779 3200 aliquid
792 3115 928 3200 ὤςιιιιιιι
941 3117 1115 3200 promissis.
1158 3119 1284 3204 Incipe.
1329 3119 1386 3185 Nil
1399 3125 1451 3181 est

582 3229 762 3312 Culpantur
775 3228 895 3292 frustra
908 3229 1023 3292 calami
1036 3229 1283 3314 immeritusque
1296 3232 1417 3296 laborat

582 3340 678 3404 Iratis
692 3347 788 3402 nauis
802 3339 905 3422 paries
920 3339 970 3402 dis
983 3347 1079 3422 atque
1093 3341 1207 3423 poetis.

369 3475 421 3516 ιιι.
432 3473 458 3514 u.
468 3475 487 3516 1.
496 3477 516 3516 s.
525 3475 545 3516 s
580 3451 683 3534 Atqui
697 3451 802 3515 voltus
816 3456 886 3514 erat
900 3449 1051 3513 multost
1065 3451 1217 3534 praeclara
1229 3450 1394 3529 minantis,

367 3589 404 3630 ,ιι
415 3589 436 3630 s
446 3589 464 3630 ι,
474 3591 494 3630 s,
503 3593 536 3634 η,
580 3559 616 3622 Si
629 3580 766 3622 vacuum
780 3559 888 3645 tepido
902 3560 1036 3643 cepisset
1050 3561 1160 3624 villula
1172 3567 1270 3625 tecto.
1512 3549 1542 3612 111

580 3669 741 3736 Quorsum
756 3670 912 3754 pertinuit
925 3671 1044 3754 stipare
1059 3671 1196 3736 Platona
1209 3671 1402 3748 Menandro,

366 3801 417 3844 sn.
428 3801 453 3844 a.
464 3805 483 3846 1.
494 3805 524 3846 ιι.
533 3807 565 3850 ιι
578 3779 727 3864 Eupolin,
743 3779 987 3858 Archilochum,
1001 3781 1135 3844 comites
1149 3763 1284 3846 educere
1297 3779 1428 3846 tantos?

578 3889 738 3955 Invidiam
753 3889 878 3974 placare
891 3911 984 3973 paras
998 3889 1118 3955 vimute
1132 3891 1271 3954 relicta?

576 4001 800 4076 Contemnere,
817 3999 924 4064 miser.
969 3999 1113 4064 Vitanda
1126 4009 1176 4064 est
1189 4001 1337 4085 improba
1352 4001 1442 4066 Siren

576 4111 717 4188 Desidia,
733 4117 790 4174 aut
805 4109 961 4193 quidquid
974 4109 1041 4174 rita
1054 4111 1187 4174 meliore
1200 4112 1331 4194 parasti
1516 4103 1545 4161 15

575 4221 765 4286 Ponendum
780 4241 873 4305 {equo
887 4222 1006 4286 animo.
1051 4221 1096 4285 Di
1111 4228 1154 4300 te,
1170 4221 1373 4305 Damasippe,
1389 4220 1506 4299 deeque

575 4335 698 4397 Verum
713 4332 755 4397 ob
770 4334 939 4398 consilium
953 4333 1074 4397 donent
1087 4333 1240 4397 tonsore!
1264 4333 1321 4396 sed
1335 4332 1422 4396 unde

574 4443 654 4508 'I'am
668 4442 751 4507 bene
764 4463 817 4506 me
831 4444 941 4508 nosti?
963 4444 1138 4526 Postquam
1152 4443 1259 4508 omnis
1273 4465 1326 4508 res
1339 4463 1412 4508 mea
1425 4442 1446 4505 J
1447 4455 1527 4502 anum

573 4551 627 4616 Ad
641 4551 783 4618 medium
797 4551 899 4616 fracta
912 4559 973 4632 est,
988 4552 1093 4617 aliena
1105 4553 1237 4637 negotis
1251 4574 1330 4618 curo

573 4709 628 4758 129.
647 4709 746 4756 horum.
845 4707 870 4756 l.
887 4709 992 4759 sontes.
1061 4712 1100 4759 14.
1120 4711 1290 4762 sunnone.
1358 4710 1533 4763 lstimi-
