3450 5667
316 666 372 722 184

735 659 768 738 o.
790 663 951 722 nonam
965 659 1112 720 mroot

457 801 459 806 ἲ
524 834 583 896 Me
597 831 681 916 gessi
695 839 821 896 certans
835 853 961 916 semper
973 831 1171 896 melioribus.
1216 831 1305 914 Ergo

311 958 479 1010 poclm).

311 1745 355 1776 cer.
367 1734 388 1776 S.
399 1737 417 1776 ι.
428 1735 447 1776 l.
457 1736 489 1776 49.

311 1852 355 1892 ate.
367 1850 387 1892 S.
399 1851 418 1892 Ι.
428 1852 447 1892 ³.
458 1851 502 1892 10⁰.

524 943 651 1026 Pauper
665 943 738 1007 eris.
783 945 914 1007 Fortem
929 943 991 1007 hoo
1005 943 1152 1006 animum
1166 941 1301 1006 tolerare
1311 939 1461 1024 jubebo;
1484 943 1537 1004 20

524 1053 569 1116 Et
584 1051 746 1135 qnondam
761 1053 887 1137 majora
900 1053 973 1116 tuli.
1017 1053 1069 1116 'lu
1082 1053 1230 1137 protinus
1243 1053 1329 1117 unde

524 1163 661 1227 Divitias
675 1163 809 1246 erisque
824 1183 927 1242 ruam,
943 1162 995 1226 dio
1009 1183 1123 1246 augur,
1139 1183 1276 1227 acervos.

525 1271 602 1335 Diri
616 1271 765 1355 equidem
779 1279 813 1336 et
828 1271 923 1336 dico:
946 1279 1055 1355 captes
1070 1280 1196 1335 astutus
1210 1271 1329 1353 ubique

526 1385 732 1448 Testamenta
745 1403 871 1461 senum,
886 1403 952 1446 neu
966 1382 993 1446 oi
1008 1383 1095 1446 vafer
1108 1403 1194 1446 unus
1209 1390 1242 1447 et
1256 1383 1336 1446 alter

527 1492 755 1558 Insidiator-em
770 1513 908 1577 praeroso
922 1492 1041 1576 fugerit
1054 1493 1162 1570 hamo,
1484 1497 1532 1557 25

525 1604 595 1666 Aut
609 1625 699 1688 spem
714 1603 853 1687 deponas
868 1613 925 1668 eut
939 1612 1043 1668 artem
1056 1605 1170 1668 illusus
1184 1605 1324 1669 omittas.

525 1715 649 1798 Magna
663 1713 806 1777 minorve
820 1713 890 1778 foro
905 1715 933 1776 si
948 1735 998 1778 res
1013 1713 1189 1778 certabitur
1202 1715 1292 1793 olim,

524 1825 623 1888 Vivet
637 1831 711 1888 uter
724 1824 866 1908 locuples
879 1825 949 1888 sine
964 1826 1081 1908 gnatis,
1096 1824 1270 1909 improbus,
1286 1825 1371 1889 ultro

526 1938 593 2003 Qui
608 1937 773 2000 meliorem
788 1937 891 2000 audax
906 1945 1000 2001 vocet
1013 1937 1049 2000 in
1061 1937 1127 2020 jus,
1142 1936 1230 2001 illius
1244 1944 1313 2001 esto

525 2047 703 2126 Defensor;
726 2047 813 2111 fama
827 2047 930 2112 civem
945 2067 1106 2131 comaque
1126 2047 1266 2130 priorem
1487 2051 1535 2113 30

527 2159 658 2241 Sperne,
673 2157 761 2221 domi
774 2158 803 2222 si
817 2164 936 2240 gnatus
950 2157 1011 2221 erit
1024 2157 1200 2222 fecundave
1214 2157 1341 2242 conjux.

527 2269 649 2335 Quinte
662 2275 743 2352 puta
757 2275 813 2331 eut
827 2267 1123 2350 Publi-gaudent
1136 2268 1333 2350 prenomine
1348 2267 1465 2332 molles

409 2423 414 2434 ι
525 2379 792 2444 Auriculae—tibi
805 2399 859 2442 me
873 2379 976 2442 virtus
990 2386 1048 2442 tua
1061 2377 1139 2442 fecit
1153 2377 1311 2442 amioum:

314 4265 356 4308 ale.
367 4265 391 4308 0.
400 4267 419 4308 2.
431 4265 477 4307 1.s.

526 2491 547 2554 J
551 2511 587 2552 us
602 2509 717 2572 anceps
731 2487 816 2566 novi,
833 2508 945 2551 causas
958 2487 1128 2552 defendere
1142 2507 1291 2572 possnm;

525 2599 650 2683 Eripiet
665 2599 767 2682 quivis
782 2598 891 2663 oculos
906 2597 1001 2662 eitius
1016 2597 1108 2675 mihi,
1124 2619 1222 2682 quam
1236 2604 1270 2661 te
1323 2591 1330 2602 '
1482 2604 1529 2664 35

526 2712 757 2794 Contemptum
772 2730 860 2774 casse
874 2729 957 2773 nuce
970 2717 1143 2794 pauperet:
1166 2710 1235 2774 hteo
1249 2731 1322 2774 mea
1335 2731 1414 2774 curo
1426 2720 1493 2792 est,

526 2821 578 2883 Ne
593 2819 670 2902 quid
683 2826 721 2883 tu
736 2817 850 2903 perdas
864 2839 930 2882 neu
943 2818 987 2882 sis
996 2820 1103 2903 jocus.
1148 2819 1203 2883 Ire
1218 2819 1349 2884 domum
1364 2828 1462 2905 atque

527 2929 713 2993 Pollioulam
728 2949 839 2993 curare
850 2928 951 3012 jube3
974 2931 997 2992 fi
1011 2930 1158 3014 cognitor
1171 2930 1260 3015 ipse3

527 3041 640 3104 Persta
654 3047 750 3123 atque
765 3039 896 3118 obdura,
912 3062 970 3104 seu
981 3040 1080 3105 rubra
1094 3041 1239 3106 oanioirls
1252 3039 1353 3106 findet

527 3151 674 3214 Infantes
688 3157 821 3229 statuas,
836 3171 894 3214 sen
908 3150 1019 3233 pingui
1032 3157 1143 3214 tentus
1157 3171 1267 3215 omaso
1484 3156 1535 3218 40

527 3261 643 3325 Furius
657 3260 807 3326 hibernas
822 3281 903 3323 cana
916 3260 989 3323 nive
1004 3267 1158 3343 conspuet
1173 3259 1281 3343 Alpes.

526 3371 645 3434 Nonne
659 3369 756 3443 vides,
771 3368 887 3452 aliquis
900 3367 1010 3432 cubito
1023 3375 1164 3431 stantem
1178 3388 1276 3452 prope
1289 3376 1430 3452 tangens

527 3480 669 3563 Inquiet,
685 3487 723 3544 ut
738 3481 872 3565 patiens,
888 3487 927 3542 nt
941 3478 1052 3542 amicis
1067 3485 1169 3562 optim,
1184 3486 1223 3541 ut
1238 3479 1337 3542 ecerl

527 3591 639 3655 Plures
654 3590 820 3654 annabunt
834 3590 953 3654 thunni
967 3597 1001 3654 et
1015 3590 1135 3653 cetaria
1148 3598 1301 3654 crescent.

529 3702 564 3766 Si
576 3701 627 3766 oui
640 3710 794 3787 praeterea
808 3700 931 3766 validus
945 3701 1028 3764 male
1043 3701 1128 3764 filius
1142 3701 1177 3764 in
1187 3722 1223 3766 re
1487 3709 1535 3768 45

531 3812 691 3878 Praeclare
704 3813 849 3876 sublatus
865 3812 980 3889 aletur,
994 3831 1036 3874 ne
1049 3811 1256 3875 manifestum

526 3922 655 3986 Caelibis
673 3923 863 4006 obsequium
877 3922 979 3986 nudet
993 3930 1037 4000 te,
1051 3923 1169 3988 leniter
1182 3923 1217 3985 in
1231 3943 1321 4006 spem

526 4033 649 4116 Arrepe
663 4033 831 4113 officiosus,
846 4041 884 4096 ut
899 4041 932 4097 et
946 4032 1085 4097 scribare
1099 4031 1260 4097 secundus

527 4147 631 4210 Heres
646 4154 688 4226 et,
703 4147 817 4230 siquis
832 4167 924 4211 casus
937 4168 1074 4230 puerum
1088 4148 1191 4231 egerit
1211 4147 1306 4221 Orco,

526 4257 568 4322 In
582 4278 719 4322 vacuum
733 4257 861 4320 venias:
886 4277 1014 4340 perraro
1029 4256 1098 4320 hmo
1112 4257 1181 4320 alea
1194 4256 1289 4321 fallit.
1485 4263 1536 4326 50
1638 4258 1639 4277 ¹

527 4369 594 4435 Qui
607 4376 835 4433 testamentum
850 4367 956 4431 tradet
970 4367 1032 4431 tibi
1047 4388 1185 4450 cumque
1198 4366 1381 4451 legendnm,

526 4479 679 4546 Abnuere
694 4488 727 4544 et
741 4477 866 4543 tabulas
881 4498 900 4541 a
914 4485 948 4542 te
962 4497 1125 4542 removere
1139 4486 1313 4556 memento,

742 4651 781 4701 36.
800 4666 913 4714 quassa;
932 4651 1053 4702 terrast.
1119 4654 1161 4703 to.
1178 4652 1294 4701 infantis.
