3450 5667
455 763 743 822 customens
778 763 856 823 ΗΒ.
886 764 916 824 Ι.
943 764 1020 822 xviii.
1292 765 1349 825 227

222 925 415 1010 'tuterisque
429 933 489 990 tuo
502 925 656 991 fidentem
669 925 838 1010 praesidi03
862 925 919 1009 qui

222 1039 334 1102 Dente
347 1038 514 1103 Theonino
528 1058 603 1102 oum
617 1038 874 1116 eircummditur,
890 1037 1006 1121 ecquid
1150 1039 1190 1081 dr·
1200 1040 1222 1082 ⁸·
1231 1040 1322 1082 Μ·

223 1148 279 1212 Ad
293 1157 329 1212 te
340 1155 411 1232 post
425 1149 522 1232 psulo
535 1155 671 1212 venturo
683 1148 823 1232 periculo
836 1147 963 1212 sentis?

223 1257 315 1322 Nam
329 1267 385 1321 tus
397 1279 449 1322 res
463 1258 581 1342 egitur,
597 1257 700 1342 paries
713 1279 786 1322 oum
803 1257 966 1342 proximus
980 1257 1081 1336 ardet,

163 1371 202 1429 85
226 1368 270 1430 Et
283 1367 429 1451 neglecte
442 1367 548 1432 solent
560 1365 710 1432 incendis
722 1387 849 1431 sumere
862 1367 956 1431 vires.

225 1475 338 1540 Dulcis
351 1476 525 1561 inexpertis
538 1477 664 1541 cultura
677 1477 819 1560 potentis
833 1475 949 1542 amici:

226 1589 385 1671 Expertus
397 1587 528 1652 metuit.
572 1589 633 1665 Tu,
649 1584 728 1649 dum
742 1594 800 1650 tue
813 1586 903 1649 nevis
916 1585 953 1649 in
967 1585 1033 1650 ulto
1047 1593 1107 1664 est,

227 1695 303 1759 Hoc
317 1716 383 1778 ege,
398 1716 441 1760 ne
454 1701 582 1758 mutate
594 1701 769 1758 retrorsum
783 1702 818 1757 te
831 1693 914 1758 leret
927 1715 1015 1758 sure.
1147 1704 1242 1748 ms.
1251 1707 1271 1748 s
1280 1706 1347 1748 &1⁶²-

228 1805 375 1870 Oderunt
387 1805 525 1869 hilarem
538 1805 647 1869 tristes
661 1805 850 1888 tristemque
862 1805 975 1888 jocosi,

170 1917 208 1977 90
229 1915 380 1980 Sedsturn
395 1915 524 1994 celeres,
540 1915 656 1998 egilem
669 1935 851 1998 navumque
865 1913 1011 1993 remissi3

234 2025 378 2108 [Potores
390 2025 495 2090 bibuli
509 2025 614 2090 medis
627 2024 667 2089 de
681 2033 776 2089 nocte
790 2023 934 2106 Falerni]

229 2135 373 2201 Oderunt
385 2143 532 2221 porrecto
545 2143 717 2219 negantem
731 2135 855 2220 pocula,
871 2133 1016 2217 quumvis

228 2245 410 2312 Nocturnus
420 2246 511 2330 jures
524 2253 559 2310 te
573 2243 744 2309 formidare
758 2265 902 2327 vapores.

229 2357 329 2423 Deme
342 2358 508 2444 supercilio
522 2357 641 2422 nubem
653 2383 662 2434 ;
685 2357 873 2440 plerumque
887 2354 1050 2419 modestus

173 2471 210 2531 95
231 2470 372 2553 Occupet
384 2468 513 2534 obscuri
524 2467 671 2552 speciem,
686 2466 867 2530 taciturnus
880 2464 996 2529 acerbi.

231 2579 320 2644 Inter
332 2586 448 2644 cuncte
459 2577 547 2662 leges
561 2585 595 2642 et
608 2575 835 2661 percontabere
850 2574 972 2652 doctos,

234 2689 305 2756 Qus
317 2691 439 2754 ratione
453 2709 554 2772 quess
568 2687 736 2751 uaduoere
750 2683 867 2750 leniter
880 2706 983 2749 aevum
994 2710 1005 2764 3

231 2909 320 2973 Num
333 2931 428 2994 paror
441 2917 475 2974 et
488 2929 597 2972 rerum
611 2905 814 2970 mediocriter
828 2903 959 2968 utilium
972 2925 1066 2989 spes3

162 3021 214 3081 100
231 3021 390 3086 Virtutem
405 3019 552 3085 doctrine
564 3025 664 3103 peret,
680 3023 838 3081 naturane
852 3015 971 3094 donet;

233 3130 317 3198 Quid
331 3131 456 3196 minuet
471 3151 574 3208 ouras,
589 3128 666 3213 quid
680 3137 714 3192 te
727 3126 788 3192 tibi
802 3126 916 3192 reddet
930 3127 1090 3205 emicum3

233 3239 317 3306 Quid
330 3261 407 3326 pure
420 3240 617 3324 tranquillet,
633 3239 735 3302 honos
749 3257 791 3301 sn
805 3235 899 3301 dulce
912 3235 1077 3316 lucellum,
1147 3268 1190 3308 ιη,
1201 3265 1222 3308 s,
1231 3266 1251 3307 ι
1260 3267 1321 3308 m,

232 3351 284 3415 An
297 3357 455 3416 secretum
469 3351 532 3414 iter
545 3357 579 3413 et
593 3348 733 3412 fallentis
747 3347 864 3412 semita
876 3347 961 3412 vitae.

232 3460 287 3526 Me
301 3461 447 3546 quotiens
461 3458 564 3524 reficit
578 3457 702 3543 gelidus
717 3457 872 3542 Digentia
884 3457 983 3536 rivus,
1147 3474 1191 3524 res.
1200 3472 1226 3514 n.
1236 3473 1255 3516 1.
1265 3473 1297 3515 rs
1308 3474 1326 3514 1.

162 3569 212 3634 105
233 3574 336 3641 Quem
350 3572 503 3639 Mendela
517 3571 609 3650 bibit,
624 3591 760 3654 rugosus
773 3569 892 3654 frigore
905 3591 1016 3654 pegus,

233 3685 317 3752 Quid
332 3685 448 3749 sentire
461 3683 579 3768 putus?
604 3680 681 3766 quid
696 3679 808 3759 eredis,
825 3681 937 3758 smioe,
952 3679 1096 3764 precari?

233 3795 281 3858 Sit
295 3795 386 3874 mihi,
396 3795 481 3879 quod
488 3815 575 3858 nuno
584 3799 643 3872 est,
654 3793 752 3857 etiam
759 3792 885 3856 minus:
901 3789 1135 3855 etmihivivsm

232 3904 325 3971 Quod
340 3913 481 3988 superest
496 3902 564 3982 sevi,
581 3902 608 3967 si
623 3902 701 3986 qnid
716 3922 878 3985 superesse
892 3900 1004 3966 volunt
1018 3899 1073 3978 ὥς

234 4015 281 4078 Sit
292 4015 379 4080 boue
391 4013 546 4080 librorum
559 4020 592 4078 et
605 4013 740 4098 provisae
753 4013 855 4096 frugis
869 4012 905 4076 in
919 4031 1041 4074 ennom
1146 4039 1185 4082 ur.
1195 4039 1217 4081 s.
1226 4039 1248 4080 ι.
1257 4039 1277 4079 s.
1286 4038 1320 4079 o.

235 4235 294 4298 Sed
307 4235 385 4298 setis
400 4241 448 4299 est
462 4253 554 4298 orare
570 4234 683 4298 lovem
697 4253 768 4316 quoe
782 4231 930 4296 dorstet
944 4231 1069 4308 ausert3

231 4343 292 4408 Det
300 4344 409 4424 vitum,
419 4343 474 4409 det
483 4363 570 4428 opes,
579 4360 706 4426 equum
717 4342 763 4407 mi
776 4342 920 4407 animum
928 4341 996 4426 ipse
1004 4338 1134 4423 perebo.
1146 4371 1202 4413 m.
1212 4359 1236 4402 c.
1246 4359 1265 4399 r.
1275 4359 1295 4400 r.
1305 4359 1324 4401 1.

199 4503 233 4555 87.
249 4506 356 4561 isltost
421 4509 463 4561 93.
482 4510 596 4571 tepores.
661 4505 705 4566 98,
720 4505 762 4556 99.
779 4519 897 4564 ne...ns;
931 4515 1077 4553 non...non.

549 4573 606 4624 104.
622 4572 731 4636 quoties.
