3450 5667
348 678 406 735 128
744 680 777 755 Q.
798 682 956 741 noram
973 684 1117 745 moer

646 846 709 909 Per
721 853 756 909 et
769 845 884 911 Diame
899 868 964 911 non
979 846 1136 911 movenda
1150 849 1292 928 numine,

645 956 709 1021 Per
722 964 819 1039 atque
832 956 931 1021 libros
946 958 1125 1023 carminum
1141 959 1312 1024 valentium

645 1066 759 1131 Retira
771 1066 850 1131 caelo
864 1066 1016 1131 devocare
1031 1066 1144 1147 sidera,
1515 1068 1531 1127 5

644 1174 789 1253 Canidia,
804 1196 898 1259 parce
912 1175 1043 1241 vocibus
1056 1176 1188 1241 tandem
1203 1179 1308 1255 sacris,

644 1286 819 1369 citumque
833 1292 920 1349 retro
934 1286 1029 1364 solve,
1045 1286 1130 1350 solve
1144 1286 1314 1351 turbinem.

644 1396 751 1461 Movit
764 1403 915 1479 nepotem
929 1395 1088 1479 Telephus
1102 1396 1269 1477 Nereium,

644 1504 686 1569 In
700 1525 797 1589 quem
810 1504 966 1589 superbus
980 1504 1141 1569 ordinarat
1156 1507 1285 1589 agmins

643 1612 825 1695 Mysorum,
839 1621 873 1676 et
887 1612 922 1675 in
937 1632 1032 1695 quem
1046 1612 1111 1676 tels
1125 1620 1221 1677 scuta
1234 1618 1371 1677 torserat.
1496 1610 1531 1669 10

644 1724 775 1788 quere
789 1730 909 1786 matres
923 1722 995 1786 Iliae
1010 1721 1176 1787 addictam
1191 1722 1265 1785 feris

641 1831 785 1897 Alitibus
798 1839 895 1916 atque
910 1832 1043 1897 canibus
1057 1832 1251 1895 homicidam
1267 1832 1445 1904 Hectorem,

345 1962 377 2001 ιε-
388 1950 413 1993 0·
423 1950 442 1993 ¹·
452 1951 485 1994 lt
494 1950 527 1992 ¹4
643 1944 819 2025 Postquam
832 1942 953 2005 relictis
967 1941 1127 2006 moenibus
1140 1962 1196 2005 rex
1210 1940 1342 2025 procidit

643 2050 721 2115 Heu
733 2050 741 2113 l
765 2050 936 2133 pervicacis
950 2050 991 2113 sd
1005 2050 1099 2135 pedes
1113 2052 1264 2116 Achillei.

344 2180 376 2224 ts·
387 2172 412 2216 s.
422 2174 512 2216 am
643 2160 757 2225 Setosa
770 2158 858 2223 duris
873 2180 987 2224 exuere
1001 2160 1136 2243 pellibus
1496 2156 1527 2215 15

641 2268 809 2335 Laboriosi
823 2270 959 2353 remiges
975 2271 1095 2349 Ulixei,

641 2380 781 2443 Volents
795 2378 899 2457 Circe,
915 2379 1082 2457 membrs3
1104 2386 1184 2443 tunc
1198 2400 1289 2445 mens
1303 2386 1335 2443 et
1348 2398 1442 2442 sonus

642 2488 809 2573 Relapsus,
824 2494 921 2571 atque
936 2496 1032 2552 notus
1047 2489 1081 2551 in
1095 2488 1199 2551 voltus
1213 2488 1325 2553 honor.

640 2600 726 2665 Dedi
739 2600 818 2664 satis
831 2621 990 2684 superque
1004 2620 1171 2685 poennrum
1186 2600 1257 2678 tibi,

640 2712 761 2775 Amata
774 2710 882 2773 nautis
896 2708 1035 2773 multum
1051 2716 1084 2773 et
1099 2708 1307 2773 institoribus.
1489 2698 1525 2761 2⁰

640 2818 738 2901 Fugit
748 2819 910 2902 juventus,
926 2826 959 2881 et
973 2818 1169 2882 verecundus
1184 2818 1270 2883 color
1579 2824 1580 2830 ’

640 2929 785 3013 Reliquit
799 2950 872 2993 osse
886 2928 968 3012 pelle
984 2928 1104 2993 amicte
1117 2928 1242 3007 lurids;

640 3040 719 3105 'luis
733 3038 867 3123 capillus
881 3038 973 3103 albus
988 3046 1036 3103 est
1050 3038 1211 3116 odoribus,

640 3147 937 3213 Nullumelnbore
951 3170 1003 3212 me
1018 3148 1152 3213 reclinat
1167 3150 1280 3213 otium.
1572 3178 1573 3204 r

641 3262 746 3341 Urget
760 3258 845 3322 diem
859 3279 935 3336 nor,
951 3266 984 3321 et
999 3258 1066 3321 dies
1080 3266 1220 3337 noctem,
1236 3278 1341 3343 neque
1355 3264 1402 3322 est
1489 3248 1521 3309 25
1571 3222 1572 3259 i

639 3368 761 3433 levare
775 3374 868 3431 tenta
881 3366 996 3451 spiritu
1010 3367 1193 3451 praecordia.

639 3479 727 3561 Ergo
740 3484 894 3559 negatum
909 3478 1018 3541 vincor
1032 3486 1069 3542 ut
1084 3476 1212 3541 credam
1226 3476 1333 3556 miser,

641 3586 770 3651 Sabella
782 3594 895 3671 pectus
909 3586 1071 3671 increpare
1085 3587 1237 3663 carmine,

641 3700 809 3781 Caputque
824 3697 936 3761 Marsa
951 3696 1084 3761 dissilire
1098 3697 1203 3783 nenia.

641 3808 730 3877 Quid
744 3808 881 3892 emplius
895 3807 968 3870 vis?
1015 3808 1044 3871 Ο
1060 3828 1146 3871 mare
1161 3814 1194 3870 et
1209 3814 1294 3869 terra
1308 3806 1315 3869 l
1342 3807 1443 3880 ardeo,
1491 3794 1523 3855 30

642 3922 810 3989 Quantum
826 3940 931 4002 neque
946 3926 1017 3981 stro
1031 3918 1191 3982 delibutus
1208 3916 1366 3982 Hercules

640 4031 737 4096 Nessi
750 4050 875 4107 cruore,
890 4050 949 4093 uec
965 4028 1081 4091 Sicana
1095 4025 1214 4091 fervida

640 4142 757 4205 Virens
771 4139 807 4201 in
821 4139 924 4203 AEtna
938 4138 1086 4215 flamms3
1109 4145 1157 4215 tu,
1173 4135 1274 4200 donec
1296 4138 1379 4201 ciuis

641 4248 810 4333 Injuriosis
825 4247 933 4311 aridus
948 4247 1050 4310 ventis
1064 4246 1159 4323 ferar,

344 4387 526 4429 carcerae.
641 4360 734 4425 Cales
748 4358 877 4423 venenis
890 4356 1017 4422 officina
1034 4356 1203 4421 Colchicis.
1492 4344 1521 4405 35

393 4437 435 4487 ω’
444 4436 541 4485 mm
642 4469 724 4536 Quae
737 4468 820 4546 finis,
835 4474 892 4530 eut
907 4466 992 4549 quod
1007 4486 1058 4529 me
1074 4473 1183 4529 menet
1197 4463 1419 4547 stipendium?

555 4608 595 4658 11.
611 4606 709 4654 luxere.
774 4604 814 4653 18.
827 4602 933 4651 relatus.
999 4602 1040 4649 24.
1058 4600 1165 4663 ab,[0.]
1234 4600 1273 4650 25.
1286 4603 1397 4663 urguet3
1410 4598 1517 4655 nequest.

903 4668 942 4716 30.
961 4668 1044 4715 mmo!
1065 4667 1184 4716 Olorral
