3450 5667
526 726 762 786 SATIRARUM
796 729 875 786 ΜΒ.
905 729 933 786 1.
962 728 983 785 i.
1305 729 1360 784 133

163 887 197 946 55
219 883 279 948 Vel
293 886 406 970 cyatho
420 892 454 950 et
469 886 575 952 diosa:
599 889 722 972 Magno
736 890 776 953 de
790 889 924 954 flumine
937 890 1068 954 mallem
1160 920 1208 961 m.
1218 909 1243 950 c.
1252 911 1272 952 ι,
1281 911 1301 953 o.
1311 912 1342 954 ra

221 999 326 1062 (luam
339 1019 375 1061 ex
388 996 450 1062 hoo
465 997 622 1062 fonticulo
635 998 827 1064 tantundem
842 1020 979 1064 sumere.
1024 1001 1074 1064 Eo
1088 997 1137 1076 fit,

221 1108 345 1170 Plenior
357 1113 394 1170 nt
407 1107 436 1170 si
451 1127 533 1190 quoe
547 1106 684 1170 delectet
698 1107 788 1190 eopia
799 1109 900 1191 justo,

222 1220 301 1281 Cum
316 1219 379 1302 ripa
392 1219 491 1282 simul
507 1219 628 1282 avolsos
642 1217 724 1281 ferat
738 1218 875 1282 Aufidus
890 1239 972 1282 noer.

224 1331 266 1390 At
279 1329 332 1410 qni
345 1328 462 1391 tantuli
478 1334 553 1410 eget
568 1334 720 1410 quantost
735 1347 825 1410 opus,
840 1328 871 1390 is
884 1348 988 1410 neque
1001 1327 1081 1391 limo

170 1437 206 1496 60
225 1436 386 1500 Turbatam
394 1437 504 1500 haurit
515 1457 630 1519 equam
641 1457 746 1518 neque
754 1436 853 1498 vitam
865 1437 1029 1499 omittitin
1038 1435 1145 1500 undis.
1221 1482 1225 1488 -

226 1547 267 1608 At
280 1546 358 1610 bons
372 1567 443 1629 pars
457 1546 628 1610 hominum
643 1545 776 1628 decepta
790 1545 939 1628 cupidine
953 1544 1043 1622 falso,
1160 1557 1332 1603 mm.
1394 1633 1398 1639 ῃ
1522 1551 1527 1560 ·

226 1655 281 1717 Nil
292 1657 363 1719 satis
376 1664 435 1734 est,
450 1656 577 1738 inquit;
593 1655 668 1739 quio
676 1655 770 1734 tanti,
783 1662 941 1737 qnantum
950 1653 1079 1732 habeas,
1090 1655 1144 1718 sis.

230 1771 310 1835 Quid
322 1771 414 1834 lecim
428 1770 502 1834 illi?
525 1772 546 1835 J
547 1770 645 1834 ubeos
659 1771 812 1833 miserum
827 1790 907 1848 esse,
922 1768 1059 1834 libenter

230 1877 381 1942 Quatenus
395 1878 429 1942 id
442 1879 541 1942 facit:
563 1886 603 1941 ut
618 1878 749 1962 quidam
763 1886 962 1942 memoretur
974 1876 1113 1942 Athenis

177 1988 210 2047 65
231 1987 370 2052 Sordidus
384 2009 421 2054 ae
435 1989 533 2066 dives,
549 1989 659 2072 populi
674 1995 879 2053 contemnere
893 2009 986 2051 rooes

232 2098 279 2160 Sic
291 2099 415 2162 solitnsz
439 2098 581 2181 Populus
595 2118 647 2161 me
662 2097 781 2176 sibilet,
798 2105 832 2160 at
846 2097 928 2161 milri
941 2097 1059 2180 plaudo

231 2206 295 2288 Ipse
309 2207 402 2286 domi,
417 2207 513 2270 simul
529 2227 566 2270 ao
580 2229 731 2271 nummos
746 2206 944 2290 contemplor
958 2206 994 2268 in
1008 2227 1093 2270 area

230 2317 510 2380 Tantalnsolabris
523 2317 635 2380 sitiens
648 2317 805 2400 fugientio
819 2324 927 2399 oaptot
1159 2322 1190 2362 ⁶⁸·
1200 2321 1241 2372 ΕΡ·
1251 2321 1282 2362 ¹⁷·
1290 2323 1325 2363 ⁰⁶·

231 2425 375 2494 Flumina.
387 2477 395 2490 .
409 2477 416 2492 .
429 2477 437 2492 .
451 2427 539 2494 Quid
552 2426 661 2490 rides?
705 2427 838 2490 Mutato
852 2426 992 2504 nomine,
1008 2425 1049 2490 de
1067 2434 1101 2490 te

182 2539 213 2598 :⁶0
232 2539 340 2604 Fabula
352 2549 516 2605 narratur:
540 2539 701 2623 congestis
716 2539 858 2624 undique
872 2540 972 2602 saonis

231 2649 377 2715 indormis
389 2652 515 2719 inhians
530 2659 563 2715 et
578 2659 743 2735 tamquam
759 2650 999 2733 poroeresaoris
1159 2665 1333 2714 sesamino.

232 2760 347 2844 Cogeris
360 2771 414 2827 aot
427 2763 520 2846 pictis
534 2769 701 2844 tamquam
715 2761 852 2844 gaudere
867 2760 1002 2825 tabellis.

233 2869 334 2934 Nescis
347 2893 407 2955 qno
421 2873 523 2936 valeat
537 2871 715 2934 nummus?
738 2891 833 2954 quem
848 2871 987 2954 praebeot
1001 2871 1121 2934 nsum?

233 2980 316 3045 Panis
331 2991 459 3062 ematur,
474 2981 556 3060 olus,
570 2981 638 3044 vini
653 2981 830 3058 sextarius5
854 2981 935 3045 adde

187 3091 216 3148 75
236 3090 303 3156 Quis
317 3091 451 3156 homone
465 3092 527 3156 sibi
544 3091 650 3156 doleat
664 3099 779 3155 nature
793 3091 927 3174 negotis
1159 3116 1190 3160 rr·
1200 3108 1222 3150 ⁸·
1233 3109 1251 3151 1·
1261 3109 1280 3151 ²·
1291 3110 1335 3153 ¹1¹·

233 3202 278 3264 An
288 3203 411 3286 vigilare
425 3209 517 3267 metu
531 3202 721 3280 exanimem,
738 3209 912 3284 noctesque
926 3202 1057 3286 diesque

234 3313 398 3382 Formidare
412 3317 513 3381 malos
527 3315 625 3394 fures,
640 3315 797 3394 inoendio,
814 3336 930 3394 semus,
1149 3333 1320 3384 lunense.

234 3423 278 3488 Ne
289 3433 320 3490 te
334 3427 502 3510 oompilent
515 3426 687 3510 fugientes,
703 3425 765 3490 hoo
776 3427 893 3510 juvet?
939 3427 1067 3490 Horum

235 3533 350 3620 Semper
361 3558 418 3620 ego
432 3537 570 3620 optarim
584 3537 804 3620 pauperrimus
818 3557 887 3600 esse
901 3536 1068 3601 bonorum.

189 3638 219 3698 80
235 3643 271 3706 At
283 3646 307 3708 si
320 3647 480 3711 condoluit
494 3653 688 3730 temptatum
703 3645 821 3730 frigore
836 3667 952 3730 eorpus

234 3753 378 3818 Antelios
392 3776 483 3818 casus
496 3755 581 3819 lecto
596 3762 629 3818 te
644 3755 753 3834 affixit,
769 3755 869 3820 hebes
883 3755 939 3839 qui

234 3861 369 3941 desident,
384 3863 527 3927 fomenta
542 3869 642 3946 paret,
658 3863 818 3926 medicum
832 3870 934 3946 roget,
948 3873 987 3928 nt
1000 3871 1035 3929 te
1151 3875 1341 3928 son-Er-11·1⁷·

236 3967 355 4036 Suseitet
370 3993 405 4048 oo
418 3973 505 4036 natis
520 3971 630 4036 reddet
645 3974 788 4056 carisque
803 3974 1012 4058 propinquis?

234 4077 295 4144 Non
308 4103 384 4146 uxor
397 4083 521 4146 salvum
536 4091 569 4147 te
583 4083 658 4160 volt,
675 4103 741 4148 non
755 4084 860 4162 filius3
884 4106 996 4149 omnes

190 4184 218 4244 85
234 4187 324 4255 Vicini
337 4193 481 4272 oderunt,
496 4193 578 4272 noti,
593 4194 684 4277 pueri
699 4201 794 4277 etque
808 4195 932 4279 puellae.

235 4297 353 4380 Miraris,
368 4324 441 4367 eum
456 4311 495 4366 tu
509 4312 643 4386 argento
657 4312 729 4386 post
743 4305 851 4368 omnio
865 4325 975 4389 ponas,

236 4408 262 4470 Si
273 4432 358 4477 nemo
370 4421 500 4498 prestet
516 4433 612 4495 quem
626 4435 692 4477 non
707 4414 857 4478 merearis
873 4413 1042 4478 amorem?

234 4517 269 4580 At
280 4523 303 4584 si
317 4526 465 4606 cognatos
479 4523 569 4588 nullo
583 4531 699 4588 nature
713 4523 820 4587 labore

223 4685 252 4736 55·
266 4695 350 4744 nolim.
416 4697 456 4748 58.
474 4697 593 4748 avulsos·
654 4693 694 4746 59.
711 4699 809 4757 quanto
820 4697 870 4745 est.
937 4695 977 4744 sl.
995 4693 1093 4744 afflixit.
