3450 5667
520 731 756 791 surruuuuu
792 732 871 790 uro.
901 733 930 792 ι.
958 703 1024 790 uf
1203 787 1206 790 ,
1302 733 1359 790 ros

623 1103 674 1166 II.

215 1233 468 1298 Annuusmuu
485 1234 628 1318 oollegiu
643 1235 905 1320 phermaoopoloe,

219 1343 368 1422 Mendici,
383 1345 502 1422 mimae,
517 1344 710 1423 balatrones,
724 1344 787 1409 hoo
802 1365 904 1428 genus
917 1365 1013 1408 omne

218 1449 367 1516 Mestum
382 1473 419 1517 so
434 1453 608 1518 sollicitum
621 1461 671 1518 est
685 1454 824 1518 cantoris
839 1461 943 1518 morte
956 1453 1073 1536 ulgelli

220 1561 339 1646 Quippe
353 1564 511 1647 benignus
525 1571 607 1628 eret.
650 1565 773 1628 contus
786 1562 849 1643 hic,
860 1583 903 1628 ne
911 1563 1063 1648 prodigus
1073 1583 1142 1628 esse

186 1673 202 1730 5
222 1671 349 1735 Diestnr
361 1681 519 1752 metuens,
534 1673 624 1757 inopi
638 1673 715 1737 dure
728 1673 809 1737 nolit
823 1673 937 1751 amieo,

223 1779 330 1864 Frigus
344 1803 407 1866 quo
420 1783 596 1866 duramque
609 1782 729 1846 semem
743 1782 917 1866 propellere
930 1781 1043 1866 possit.

226 1889 316 1956 lluno
330 1885 356 1954 si
369 1893 573 1976 perconteris,
591 1891 641 1955 evi
655 1912 712 1955 our
727 1899 823 1974 atque
836 1891 979 1975 parentis

223 2001 402 2065 Praeolersm
417 2003 547 2086 ingrata
560 2002 699 2086 stringat
712 2003 817 2066 melus
831 2001 978 2086 ingluvie
987 2023 1067 2081 rem,
1156 2024 1176 2064 s.
1186 2021 1212 2062 r.
1222 2021 1241 2063 1.
1250 2021 1282 2063 rs.
1291 2022 1324 2062 ro.

226 2110 337 2175 Omnia
351 2113 516 2177 oonduotis
530 2116 678 2177 menone
693 2109 825 2176 obsonio
837 2113 999 2190 nummis3

176 2220 208 2279 lu
228 2221 370 2286 Sordidus
384 2231 480 2306 etque
495 2223 595 2286 enimi
610 2221 695 2305 quod
709 2221 797 2306 parvi
811 2221 894 2286 nolit
907 2221 1028 2298 haberi,
1155 2257 1201 2290 m.
1211 2247 1232 2290 s.
1242 2247 1261 2290 2.
1271 2247 1291 2288 2.
1300 2249 1333 2288 so.

228 2331 417 2415 Respondet:
439 2333 590 2396 laudetur
600 2332 640 2397 ab
655 2331 715 2410 his,
732 2331 881 2415 eulpotm
895 2330 936 2395 ub
949 2330 1023 2394 illis.

228 2439 359 2507 Fufidius
373 2463 484 2526 voppae
497 2443 617 2507 famem
631 2442 727 2506 timet
741 2462 778 2506 eo
793 2440 975 2520 nebulonis,
1157 2477 1207 2518 ηρ.
1217 2465 1238 2507 s.
1249 2465 1267 2507 1.
1277 2465 1296 2506 ι.
1307 2463 1353 2506 uos

230 2549 316 2615 Dives
330 2553 421 2636 egris,
435 2553 523 2618 dives
538 2553 648 2637 positis
661 2553 697 2616 in
710 2552 821 2616 fenore
835 2552 998 2616 nummis:

233 2659 344 2726 Quinus
357 2663 409 2727 hie
423 2664 520 2748 ospiti
534 2663 696 2728 mercedes
711 2670 839 2728 exsecat
853 2669 950 2744 utque
1157 2702 1210 2735 ner,
1219 2691 1241 2734 s.
1251 2691 1269 2732 1.
1279 2691 1298 2732 o.
1308 2691 1341 2731 ss.

183 2768 213 2828 15
234 2769 350 2837 Quanto
362 2773 516 2857 perditior
530 2773 663 2857 quisque
677 2781 736 2850 est,
752 2777 845 2834 tento
859 2770 962 2834 uerius
974 2777 1069 2854 urget
1079 2795 1089 2848 ;

233 2880 360 2948 Nomine
372 2892 513 2950 sectetur
527 2883 623 2948 modo
638 2890 765 2966 sumptu
779 2879 963 2945 vestevirili
1158 2896 1354 2940 nonnullos.

236 2991 295 3056 Sub
307 2993 446 3076 putribus
460 2993 549 3057 duris
563 2993 714 3056 tironum.
759 2991 914 3069 Maxime,
930 2989 1000 3074 quis
1014 3010 1091 3070 uon,

236 3099 367 3185 luppiter
380 3103 387 3166 l
411 3103 579 3178 exclamet,
595 3101 691 3165 simul
706 3107 802 3182 etque
816 3098 961 3163 audivit?
1006 3102 1053 3162 At
1066 3099 1102 3161 in
1112 3118 1147 3162 se

237 3209 291 3274 Pro
304 3221 422 3296 questu
437 3220 602 3296 sumptum
617 3211 694 3276 fucit
708 3211 770 3274 hio.
815 3211 881 3274 Vix
895 3210 1022 3275 credere
1036 3209 1146 3294 possis,

189 3314 221 3374 20
239 3316 331 3384 Quum
345 3321 404 3386 sibi
418 3341 484 3386 uon
498 3321 541 3384 sit
555 3321 687 3398 amictu,
702 3321 749 3382 ite
763 3327 800 3384 ut
814 3325 905 3403 pater
918 3319 984 3397 ille,
998 3318 1128 3382 Terenti

237 3427 344 3493 Fabula
357 3451 451 3514 quem
465 3431 618 3494 miserum
633 3437 732 3513 gusto
745 3429 859 3493 vixisse
873 3427 985 3511 fageto

239 3536 362 3619 Induoit‚
375 3563 440 3606 nou
455 3563 489 3606 se
502 3541 594 3625 pejus
608 3542 795 3606 nudaverit
810 3548 906 3622 utque
920 3539 984 3604 hie.

239 3647 344 3732 Siquis
357 3672 441 3716 nuno
456 3659 595 3734 queerst:
620 3651 695 3718 Quo
709 3672 760 3714 res
774 3651 842 3715 haeo
864 3649 1029 3734 pertinet?
1050 3649 1146 3714 illuo:

237 3755 311 3823 Dum
323 3762 423 3826 vient
438 3762 531 3826 stulti
544 3761 633 3839 vitio,
649 3761 683 3824 iu
699 3762 859 3824 contrarie
873 3769 1017 3824 currunt.

191 3863 221 3924 25
238 3865 377 3935 Maltinus
390 3872 510 3936 tunicis
525 3870 669 3934 demissis
684 3870 848 3948 ambulut3
872 3878 921 3934 est
936 3871 991 3954 qui

239 3979 348 4063 Inguen
363 3984 403 4046 ud
415 3983 590 4047 obsoeuum
605 3981 770 4046 subductis
783 4003 886 4065 usque
898 3981 1029 4047 fooetus.

239 4087 368 4156 Pastillos
384 4093 523 4157 Rufillus
537 4092 612 4170 olet,
630 4093 812 4176 Gorgonius
827 4092 963 4158 hircum.
1162 4136 1194 4180 η.
1205 4127 1226 4170 s.
1236 4127 1254 4170 1.
1264 4128 1283 4169 s
1293 4127 1325 4168 uu.

238 4195 286 4261 Nil
298 4200 432 4268 medium
448 4210 510 4266 est.
545 4203 630 4266 Sunt
645 4202 701 4284 qui
714 4201 819 4265 nolint
834 4201 977 4284 tetigisse
990 4202 1053 4266 nisi
1066 4202 1149 4282 illes,

240 4307 367 4374 Quarum
382 4312 517 4376 subsuta
529 4311 613 4376 tulos
626 4319 715 4395 teget
729 4311 842 4374 instita
854 4318 942 4376 veste
953 4337 963 4388 3

194 4409 223 4473 30
240 4418 344 4484 Contra
357 4422 436 4486 elius
450 4421 575 4486 nullum
590 4421 651 4484 nisi
665 4421 765 4486 olenti
780 4422 815 4484 in
830 4420 951 4485 fornioe
965 4427 1114 4488 stentem.

239 4526 360 4594 Quidem
374 4541 472 4596 notus
486 4530 584 4596 homo
598 4551 672 4595 eum
687 4530 788 4595 exiret
808 4529 939 4608 fornice,
956 4531 1065 4596 Macte

250 4700 271 4748 3.
281 4698 292 4751 l
303 4704 472 4756 eollioilumst.
542 4703 582 4755 15.
600 4703 768 4768 lquisquest.
836 4704 878 4754 28.
897 4703 1067 4754 imodiumst.
