3450 5667
627 820 796 881 EPODON
835 822 869 881 V.

631 1110 674 1174 V.

273 1246 353 1322 “An,
366 1265 385 1308 ο
398 1243 529 1309 deorum
543 1244 699 1329 quidquid
711 1248 747 1309 in
761 1246 839 1311 caelo
852 1246 937 1331 regit

335 1356 440 1419 'l'erms
452 1363 487 1419 et
502 1355 681 1419 humanum
696 1356 816 1439 genus!

300 1465 376 1532 Quid
389 1467 448 1531 ista
461 1468 526 1531 fert
539 1468 726 1531 tumultus?
748 1474 805 1531 ant
820 1468 896 1551 quid
911 1467 1057 1535 omnium

336 1576 446 1642 Voltus
458 1579 496 1641 in
509 1600 613 1641 unum
626 1600 680 1643 me
694 1578 828 1643 musas?

300 1685 356 1749 Per
367 1686 479 1752 liberos
493 1693 537 1764 te,
554 1688 582 1751 si
595 1696 708 1752 vocata
721 1688 878 1772 partubus

336 1792 452 1859 Lucina
463 1796 549 1860 varia
562 1795 666 1859 adfuit
667 1843 678 1874 ,

301 1904 355 1967 Per
364 1904 423 1969 hou
434 1906 532 1971 inane
545 1927 696 1990 purpura
711 1906 808 1970 decus
821 1926 944 1989 prsoor,

336 2016 394 2079 Per
405 2017 661 2101 improbaturum
676 2016 747 2081 haec
762 2017 784 2079 J
785 2038 875 2081 ovem
877 2065 888 2095 ,

301 2124 377 2191 Quid
389 2136 426 2190 nt
439 2148 579 2192 noverea
592 2148 645 2191 me
659 2126 807 2207 intueris,
822 2134 879 2191 aut
895 2126 944 2191 uti

338 2237 437 2302 Petita
450 2240 536 2303 ferro
550 2238 738 2303 belna?”-

298 2346 341 2409 Ut
353 2348 418 2413 hac
429 2351 586 2414 trementi
600 2360 732 2434 questus
745 2374 802 2417 ora
816 2350 961 2417 eonstitit

336 2457 517 2544 Insignibus
530 2462 631 2545 raptis
644 2483 735 2545 puer,

299 2570 422 2655 Impube
436 2594 563 2655 eorpus,
578 2572 671 2655 quale
684 2580 791 2656 posset
804 2570 905 2655 impia

335 2684 459 2751 Mollire
472 2686 634 2750 'l'hnaaum
648 2694 797 2770 pentum

217 2790 229 2806 '
300 2792 421 2859 Canidia
433 2795 584 2861 brevibus
597 2796 762 2880 implicata
774 2794 890 2879 vipenis

336 2906 441 2973 Cninas
454 2916 490 2973 et
503 2909 703 2992 incomptum
718 2914 826 2991 eaput,

300 3016 318 3079 J
319 3015 388 3081 ubet
400 3019 556 3103 sepulcris
570 3019 732 3103 naprifioos
746 3024 865 3097 erutas,

335 3128 428 3193 anet
441 3150 611 3214 cupressus
624 3128 778 3207 funebris,

298 3235 337 3301 Et
348 3250 442 3305 uncta
455 3240 562 3325 turpis
575 3261 635 3304 ova
647 3260 735 3303 ranae
748 3239 915 3322 sangnine,

335 3349 544 3435 Plumamqna
557 3358 723 3414 nocturna
737 3348 857 3432 suigis,

299 3462 489 3551 fiamusque,
504 3487 585 3549 quas
598 3466 704 3530 Iolcos
717 3472 815 3548 atqua
830 3462 967 3528 Hiberia

334 3574 436 3642 Mittit
449 3596 647 3642 venenorum
660 3576 760 3654 ferax,

298 3688 338 3751 Et
350 3710 418 3754 ossa
431 3692 473 3755 ab
486 3712 543 3755 ora
556 3698 650 3774 rapta
659 3689 781 3773 jejnnoe
795 3688 894 3766 mnia,

335 3800 484 3865 Flammis
499 3800 590 3864 aduri
604 3799 774 3866 Colchicis.
1168 3828 1216 3871 coe.
1225 3828 1250 3871 c.
1259 3826 1279 3869 ι.
1289 3827 1320 3867 12.
1329 3827 1349 3867 a.

215 3904 226 3917 '
296 3909 338 3973 At
350 3913 495 3996 expeditu
510 3914 648 3995 Sagana,
662 3930 720 3994 per
734 3916 838 3975 totam
852 3912 987 3977 domum

335 4023 490 4107 Spargens
503 4021 672 4088 Avernalis
687 4042 796 4103 aquas,

296 4131 413 4198 Horret
426 4134 548 4219 capillis
561 4142 600 4198 ut
613 4131 757 4196 marinus
771 4132 889 4217 asperis

334 4247 485 4326 Echinus,
500 4254 558 4311 ant
572 4266 704 4311 currens
718 4265 804 4329 aper.

295 4356 416 4422 Abanta
428 4358 517 4424 nulla
530 4356 613 4422 Veia
627 4355 822 4421 conscientia

195 4458 227 4521 ³⁰
334 4468 509 4551 Ligouibus
523 4468 612 4531 duris
626 4466 763 4529 humum

294 4576 514 4657 Exhauriebat,
528 4578 698 4661 ingemens
711 4573 875 4640 laboribus
885 4599 896 4652 ;

336 4689 410 4755 Quo
422 4696 529 4775 posset
541 4688 681 4753 infossus
696 4706 775 4771 puer

195 4826 224 4875 ¹⁵·
232 4831 326 4897 illigata.
392 4838 432 4887 l&
442 4854 579 4902 cupressos
590 4837 721 4887 sunsbrss.
789 4836 829 4883 21.
842 4838 895 4883 sun.
953 4830 994 4880 26.
1006 4828 1155 4879 Avernales.
