3450 5667
805 688 837 761 o.
860 689 1018 747 norm
1033 689 1181 749 rnnoor

620 851 838 939 Quocumque
852 856 978 940 exeepit
992 857 1153 940 turgentis
1167 857 1290 922 verboru
1302 855 1406 934 mudae,
1544 856 1546 939 l

619 963 775 1030 Clunibus
790 974 847 1030 sut
862 966 997 1050 sgitnvit
1010 989 1129 1052 equum
1143 969 1257 1032 lnsuivu
1275 968 1414 1052 supinum,
1504 956 1546 1017 ⁵⁰!

618 1075 765 1140 Dimittit
779 1097 885 1160 neque
898 1077 1058 1142 fumosum
1071 1100 1177 1163 neque
1191 1079 1359 1156 sollicitum,
1371 1097 1406 1139 ne
1544 1062 1546 1067 ⁵

617 1186 724 1250 Ditior
738 1195 795 1250 sut
809 1187 920 1252 lnrmae
934 1189 1074 1253 melioris
1088 1190 1188 1254 meist
1201 1190 1316 1254 eodem.

617 1297 667 1362 'Pu
681 1318 754 1362 cnm
769 1297 921 1382 projectis
933 1299 1123 1383 insignibus,
1139 1301 1236 1366 anulo
1248 1299 1374 1385 equestri

619 1409 828 1493 Romanoque
842 1409 967 1488 habitu,
982 1410 1090 1496 prodis
1104 1433 1143 1475 ex
1154 1413 1262 1495 judiee
1275 1413 1370 1476 Dumu

617 1520 742 1604 Turpis,
757 1519 927 1586 odoratum
939 1530 1037 1606 eaput
1051 1523 1242 1588 obscurante
1255 1525 1378 1598 launna,
1504 1513 1529 1571 5⁵

616 1631 693 1695 Nou
707 1652 742 1695 es
757 1631 842 1714 quod
857 1632 1016 1696 simules?
1060 1634 1213 1698 Metuens
1227 1634 1374 1698 induceris
1386 1637 1459 1712 utque

614 1743 801 1807 Alterosnte
814 1743 1001 1810 libidinibus
1014 1745 1126 1809 nemis
1141 1767 1213 1810 ossa
1226 1767 1343 1830 pavore.

616 1853 703 1920 Quid
718 1854 825 1934 refert,
840 1855 903 1933 uri,
919 1855 1016 1939 virgis
1029 1855 1174 1940 ferroque
1187 1858 1295 1922 necari

613 1969 810 2032 Auctoratus
826 1989 890 2047 eas,
906 1990 949 2032 un
963 1970 1051 2053 turpi
1064 1970 1190 2034 clunsus
1204 1971 1239 2034 in
1254 1993 1333 2048 areu,

402 2105 451 2135 0⁰·-
462 2093 483 2137 ⁸1
495 2095 513 2137 1·
523 2095 542 2136 ¹·
554 2096 598 2138 ¹³⁰·
615 2081 688 2146 Quo
703 2089 736 2144 te
751 2081 879 2145 demisit
893 2081 1015 2166 peceati
1029 2083 1156 2146 eonscia
1168 2084 1265 2160 erilis,
1506 2067 1533 2128 ω

611 2189 824 2258 contractum
840 2191 976 2275 genibus
989 2201 1103 2276 ungas
1118 2194 1239 2276 eaput?
1282 2195 1374 2257 Estne
1385 2185 1473 2252 monto

612 2302 774 2366 Matronae
789 2303 950 2386 peccantis
964 2303 998 2364 in
1013 2303 1108 2366 umbo
1119 2303 1210 2386 justu
1228 2302 1382 2388 potestas?

612 2413 655 2476 In
669 2421 888 2497 corruptorem
901 2413 952 2476 vel
962 2413 1091 2496 justior.
1135 2413 1199 2476 Illu
1212 2421 1322 2478 temen
1334 2433 1365 2476 se

610 2522 689 2586 Non
703 2521 817 2586 habitu
833 2531 976 2586 mutstse
988 2523 1071 2602 loeo,
1086 2536 1234 2606 peoustve
1248 2544 1382 2609 sume

611 2633 695 2696 Cum
711 2641 743 2696 te
757 2633 909 2697 formidet
925 2633 1041 2697 mulier
1054 2655 1158 2718 neque
1174 2635 1284 2699 credat
1299 2631 1413 2709 umenti,
1509 2621 1535 2680 65

610 2743 679 2807 Ibis
693 2744 753 2808 sub
767 2744 892 2808 furcam
906 2744 1046 2828 prudens
1061 2744 1253 2827 dominoque
1273 2743 1383 2809 finienti

609 2857 801 2920 Committes
815 2877 883 2920 rem
899 2876 1029 2920 omnem
1043 2862 1078 2919 et
1092 2855 1190 2918 vitam
1205 2863 1239 2920 et
1253 2877 1326 2920 cum
1335 2846 1537 2937 eorporslamm·

609 2968 739 3032 Evusti:
764 2967 869 3045 credo,
884 2975 1008 3030 metues
1022 2965 1199 3048 doctusque
1213 2966 1357 3045 cavebis3

610 3081 742 3147 Quaeres
758 3077 885 3162 quando
899 3077 1019 3141 iterum
1033 3097 1146 3160 puseus
1160 3076 1341 3161 iterumque
1352 3073 1438 3160 perire

610 3191 726 3268 Possis,
741 3211 761 3254 ο
775 3189 895 3254 totiens
908 3189 1039 3253 servus!
1087 3189 1170 3255 Quae
1185 3188 1282 3253 belua
1296 3187 1391 3272 ruptis
1515 3171 1542 3234 7⁰

609 3303 694 3366 Cum
708 3301 807 3364 semel
822 3299 945 3382 effuffl't
961 3299 1067 3364 reddit
1080 3321 1114 3363 se
1128 3321 1226 3383 prava
1240 3299 1384 3364 eatenis?

607 3415 686 3480 Non
697 3435 769 3478 sum
784 3413 940 3491 moschus,
953 3413 1000 3476 uis
1011 3439 1021 3491 ;
1044 3434 1148 3496 neque
1158 3434 1229 3496 ego,
1242 3413 1378 3491 hemule,
1386 3411 1439 3486 fur,
1448 3402 1546 3467 ubivis

607 3525 768 3589 Praetereo
782 3523 908 3608 sapiens
922 3531 1093 3606 urgentes:
1116 3524 1194 3589 tolle
1208 3525 1371 3608 periclum,

606 3638 627 3701 J
629 3658 681 3699 nm
695 3657 776 3718 vagu
790 3635 933 3719 prosiliet
947 3634 1047 3698 irenis
1061 3642 1178 3698 nutum
1192 3637 1334 3701 remotis.

604 3747 695 3812 Tune
710 3745 792 3810 mihi
807 3746 966 3824 dominus,
982 3765 1089 3808 rerum
1104 3745 1245 3830 imperiis
1259 3747 1474 3824 hominumque
1522 3724 1546 3790 il

604 3857 666 3920 Tot
681 3857 843 3939 tantisque
858 3855 975 3933 minor,
991 3875 1087 3938 quem
1102 3862 1153 3917 ter
1166 3855 1309 3918 vindicta
1322 3863 1479 3940 quaterque

604 3966 762 4051 Imposito
777 3965 865 4030 haud
880 3986 1035 4050 nmquam
1049 3965 1168 4028 misera
1180 3964 1352 4030 formidine
1365 3959 1478 4049 privet?

603 4079 696 4145 Adde
712 4097 807 4160 super
821 4076 916 4140 dictis
932 4075 1018 4160 quod
1033 4097 1099 4138 non
1112 4074 1213 4139 levius
1227 4076 1350 4141 valent:
1373 4093 1444 4138 num

605 4192 678 4256 Sive
693 4188 827 4254 vicarius
843 4195 901 4266 est,
919 4188 974 4271 qui
989 4209 1079 4251 servo
1094 4187 1277 4271 paret—uti
1292 4208 1363 4250 mos

602 4303 720 4367 Vester
734 4301 881 4364 ait-seu
896 4319 1087 4375 conservus3
1111 4297 1172 4361 tibi
1186 4296 1263 4379 quid
1277 4319 1351 4360 sum
1365 4293 1444 4379 ego?
1464 4286 1546 4360 Nemo

602 4416 663 4491 Tu,
680 4412 760 4476 mihi
776 4409 829 4493 qui
846 4409 1020 4493 imperitus,
1037 4407 1092 4472 elii
1106 4409 1204 4472 servis
1220 4407 1317 4470 miser
1330 4415 1424 4491 utque
1526 4387 1546 4450 ll

602 4523 736 4587 Duceris
752 4532 788 4586 ut
803 4520 907 4584 nervis
922 4519 1034 4584 alienis
1048 4519 1167 4583 mobile
1180 4518 1316 4601 lignum.

931 4693 972 4740 00.
990 4691 1086 4739 hor-ilis.
1154 4691 1193 4738 81.
1211 4690 1277 4738 aliis.
