3450 5667
503 758 739 816 SAl'IRARUM
774 757 852 816 ΗΒ.
886 757 913 814 I.
943 755 981 813 ix.

205 925 227 986 J
229 946 281 988 sm
298 923 441 1009 peritura
454 923 569 988 modis.
614 923 762 988 Hecaten
776 930 869 987 vocat
883 923 993 1000 altera,
1008 941 1125 985 saevam

206 1036 321 1100 Altera
336 1036 551 1121 Tisiphonen:
577 1045 740 1120 serpentes
756 1043 852 1118 atque
866 1035 989 1098 videres

147 1147 184 1207 35
207 1149 357 1211 Infernas
371 1168 477 1211 errare
492 1168 597 1227 canes,
613 1147 804 1229 Lunamque
819 1145 999 1221 mbentem,

207 1259 259 1320 Ne
273 1258 360 1322 foret
374 1259 424 1322 his
438 1258 542 1335 testis,
557 1265 632 1341 post
645 1279 764 1339 magna
777 1256 877 1320 latere
890 1255 1044 1338 sepulcra.

209 1370 355 1432 Mentior
370 1375 404 1431 at
418 1369 446 1431 si
462 1368 550 1452 quid,
565 1368 685 1431 merdis
701 1375 797 1451 eaput
810 1366 960 1449 inquiner
974 1365 1056 1428 albis

211 1478 387 1542 Corsorum
390 1505 402 1557 ,-
418 1487 513 1562 atque
522 1478 558 1542 in
567 1499 618 1542 me
627 1479 736 1542 veniat
744 1477 881 1541 mictum
889 1483 986 1559 atque
996 1484 1142 1540 occatum

212 1589 317 1652 Julius
333 1597 366 1652 et
380 1589 502 1672 fragilis
517 1587 661 1653 Pediatia
674 1588 789 1671 furque
803 1588 967 1651 Vorenus.

153 1701 191 1758 40
213 1697 349 1781 Singula
359 1699 435 1782 qnid
447 1701 648 1763 memorem?
665 1719 729 1782 quo
740 1705 832 1782 pacto
843 1699 967 1761 alterna
976 1697 1142 1780 loquentes

216 1809 345 1872 Umbrae
359 1830 433 1872 oum
450 1811 577 1892 Sagana
590 1816 777 1873 resonarent
791 1808 884 1872 triste
897 1817 931 1872 et
945 1817 1088 1886 acutum,

213 1919 322 2002 thue
337 1919 402 2003 lupi
419 1918 551 1983 barbam
566 1920 662 1984 varice
677 1940 751 1982 cum
766 1919 861 1984 dente
876 1919 1015 1983 colubroe

213 2029 405 2094 Abdiderint
419 2031 530 2093 furtim
545 2031 640 2094 terris
655 2038 688 2094 et
702 2029 843 2113 imagine
858 2051 951 2094 cerea

214 2139 348 2222 largior
362 2141 473 2204 arserit
487 2139 581 2223 ignis,
597 2148 630 2204 et
644 2148 762 2204 utnon
775 2141 868 2204 testis
882 2141 1007 2203 inultus

157 2251 192 2310 te
215 2249 402 2313 Horrnerim
418 2271 510 2313 voces
525 2249 694 2314 lbuiarum
710 2257 743 2312 et
757 2249 842 2312 facta
856 2249 1005 2313 duarum.

215 2359 310 2433 Nam,
327 2358 465 2442 displosa
479 2365 571 2421 sonat
586 2365 743 2440 quantum
758 2358 872 2436 vesica,
889 2357 1001 2441 pepedi

214 2468 340 2532 Diffissa
354 2477 431 2532 nate
444 2469 545 2547 ficus3
568 2477 602 2532 at
616 2469 679 2532 illae
694 2489 819 2532 currere
833 2469 870 2532 in
884 2470 1008 2534 urbem.

214 2577 354 2642 Canidiae
369 2578 491 2656 dentes,
508 2579 611 2642 altum
627 2580 762 2662 Saganae
776 2578 977 2642 caliendrum

216 2689 367 2753 Excidere
381 2696 479 2772 atque
493 2689 607 2753 herbas
622 2699 718 2773 atque
732 2690 898 2754 incantata
911 2689 1038 2753 lacertis

161 2799 197 2858 50
216 2799 360 2878 Vincula,
376 2821 451 2864 cum
465 2821 583 2884 magno
597 2800 728 2884 risuque
738 2799 877 2884 jocoque
890 2799 1023 2868 videres.

613 3185 676 3250 ῙΧ.

218 3315 302 3380 luant
317 3317 398 3382 forte
413 3319 478 3382 Via
492 3320 599 3397 Sacra,
615 3320 698 3382 sieut
713 3341 803 3384 meus
818 3329 950 3386 estmoe
1162 3349 1203 3390 raa
1214 3349 1356 3401 saraam

218 3427 331 3492 Nescio
347 3429 422 3512 quid
438 3429 597 3493 meditans
612 3452 782 3514 nugarum,
797 3439 887 3496 totus
901 3433 936 3495 in
950 3432 1033 3509 illis;
1159 3477 1198 3516 m,
1209 3475 1235 3517 e.
1245 3475 1263 3516 ι.
1274 3475 1292 3516 1,
1303 3402 1355 3516 dl&

218 3539 362 3601 Accurrit
377 3539 509 3622 quidam
523 3547 620 3604 notus
635 3541 716 3604 mihi
730 3541 859 3605 nomine
874 3550 1013 3618 tantum,

219 3649 411 3732 Arreptaque
426 3671 545 3713 manu:
571 3651 660 3717 Quid
674 3651 752 3732 agis,
770 3651 952 3716 dulcissime
966 3651 1100 3715 rerum?

180 3757 196 3815 5
219 3757 368 3837 Suaviter,
385 3769 423 3824 ut
439 3781 526 3824 nunc
541 3769 600 3839 est,
615 3761 758 3845 inquam,
776 3769 809 3825 et
824 3764 918 3847 cupio
939 3764 1048 3827 omnia
1072 3785 1143 3847 quae
1157 3801 1206 3832 aaa
1216 3789 1242 3830 r.
1252 3790 1271 3831 1.
1281 3791 1329 3832 aa

403 3891 461 3934 vis.

216 3976 294 4041 Cum
310 3987 540 4043 assectaretur:
564 3981 656 4045 Num
672 3980 830 4064 quidvis?
853 4003 984 4065 occupo.
1010 3983 1142 4048 Atilio:

216 4085 310 4152 Notis
322 4111 390 4167 nos,
407 4090 533 4172 inquit:
558 4090 645 4154 docti
659 4113 780 4154 sumus.
829 4091 894 4154 Hic
909 4113 990 4175 ego:
1017 4093 1121 4155 Pluris

218 4197 297 4276 Hoc,
312 4201 454 4284 inquam,
470 4199 550 4263 mibi
565 4201 637 4264 eris.
683 4202 803 4264 Misere
814 4201 974 4266 discedere
986 4224 1141 4285 quaerens,

218 4307 267 4370 lre
281 4311 374 4375 modo
390 4311 489 4387 ocius,
500 4311 669 4374 interdum
684 4311 867 4390 consistere,
882 4313 917 4375 in
933 4334 1043 4376 aurem

167 4413 198 4472 li)
217 4416 325 4483 Dicere
339 4421 447 4486 neseio
464 4420 540 4506 quid
554 4442 663 4504 puero,
679 4443 754 4486 cum
769 4423 866 4486 sudor
882 4423 923 4486 ad
937 4424 1019 4486 imos

216 4527 361 4594 llanaret
376 4532 481 4609 talos3
503 4533 534 4596 Ο
551 4539 594 4609 te,
610 4532 741 4609 Bolane,
758 4533 881 4597 cerebri

216 4635 371 4704 Felicem!
396 4641 522 4704 aiebam
537 4641 674 4719 tacitus;
697 4661 771 4704 cum
786 4641 943 4723 quidlibet
958 4642 1012 4704 ille

557 4781 598 4830 ³8.
614 4781 729 4830 venient.
