3450 5667
717 740 750 812 Q.
772 741 931 799 HORATI
947 741 1091 800 FLACOI

649 910 757 974 Coeear
773 909 921 993 Hispano
934 911 1051 994 repetit
1068 912 1203 976 Penates

820 1021 937 1084 Victor
951 1021 991 1086 ab
1005 1041 1073 1086 orn.

648 1155 756 1220 Unieo
771 1154 914 1238 gaudens
929 1155 1044 1220 mulier
1057 1157 1175 1222 marito

647 1265 797 1345 Prodeot,
809 1266 907 1350 justis
922 1257 1052 1350 operata
1067 1268 1184 1347 suerin

646 1378 691 1441 Et
705 1398 795 1442 soror
808 1377 887 1442 olari
899 1376 1000 1456 ducis,
1016 1386 1049 1442 et
1065 1378 1186 1446 deoorae

822 1489 972 1574 Supplice
987 1489 1070 1553 vitta

645 1623 820 1708 virginum
834 1631 965 1702 matres,
976 1625 1197 1709 juvenumque
1211 1647 1314 1712 nuper

647 1735 822 1818 Soopitum.
868 1734 936 1798 Vos
951 1754 972 1798 o
986 1735 1088 1818 pueri,-
1104 1743 1138 1798 et
1153 1737 1268 1820 puellae

646 1846 668 1908 J
669 1865 723 1907 nm
736 1845 841 1908 virum
856 1851 1005 1928 expertae,
1021 1845 1106 1910 mole
1121 1847 1272 1911 eminetis

822 1956 949 2021 Parcite
963 1955 1080 2022 verbis.

648 2095 715 2158 Hie
729 2093 798 2158 dieo
812 2114 885 2158 vere
901 2093 981 2158 mihi
995 2094 1097 2160 sentus
1113 2103 1198 2160 etrus

644 2205 774 2270 Eximet
789 2225 901 2269 eurus:
925 2225 985 2288 ego
999 2225 1059 2270 neo
1074 2206 1263 2286 tumultum,

644 2317 716 2380 Nee
730 2316 813 2380 mori
827 2315 963 2400 pervim
978 2328 1134 2397 metuam,
1149 2325 1281 2384 tenente

818 2431 942 2496 eosne
957 2439 1069 2496 terroe.

644 2570 676 2647 I,
691 2574 764 2653 pete
779 2575 994 2652 unguentum,
1009 2589 1099 2653 puer,
1115 2575 1148 2634 et
1162 2590 1306 2651 eotenus,

644 2682 690 2745 Et
704 2679 820 2744 eodum
835 2679 939 2743 Marsi
954 2699 1129 2745 memorem
1142 2679 1255 2760 duelli,
1361 2763 1365 2769 Ι

632 2793 836 2877 ‚spartacum
851 2791 879 2854 oi
894 2811 958 2875 quo
972 2791 1078 2875 potuit
1093 2801 1263 2876 vagantem

818 2903 941 2968 Fallere
955 2909 1051 2968 teste.

643 3038 706 3104 Die
720 3044 753 3102 et
768 3045 891 3122 urgutae
905 3046 1054 3122 properet
1067 3039 1192 3105 Noeerae

642 3153 814 3216 Murreum
829 3151 914 3216 nodo
929 3151 1076 3218 cohibere
1091 3154 1211 3219 crinem
1226 3181 1233 3220 ε

644 3264 681 3328 si
695 3262 905 3348 perinvitum
919 3283 1011 3327 more
1021 3263 1195 3347 janitorem

816 3374 898 3454 Fiet,
916 3374 1013 3440 abito.

643 3510 741 3576 Lenit
755 3509 917 3574 nlbenoens
931 3509 1054 3576 animos
1069 3513 1202 3596 capillus

642 3621 766 3687 Litium
782 3629 815 3685 et
829 3621 907 3686 rixae
921 3621 1052 3706 cupidos
1066 3631 1242 3707 proterve:

642 3734 721 3797 Non
735 3754 794 3818 ego
807 3733 870 3798 hoe
884 3733 1000 3798 ferrem
1016 3734 1138 3799 calidus
1147 3736 1293 3821 juvente,

815 3844 954 3910 Consule
969 3845 1099 3912 Planco.
1173 3913 1178 3924 ,

977 4275 1052 4340 XV.

598 4420 698 4484 Uxou
712 4420 859 4505 pauperis
875 4419 980 4504 Ibyci,

640 4531 784 4596 'leudem
798 4532 950 4616 nequitiae
965 4533 1027 4616 fige
1042 4531 1174 4597 modum
1190 4541 1268 4614 ture,

511 4707 563 4742 xlv.
580 4693 604 4744 6.
617 4693 692 4744 divis.
760 4694 960 4752 lunominotis,
973 4695 1002 4744 B.
1071 4695 1110 4743 14.
1123 4697 1221 4757 exiget.
1295 4700 1336 4746 22.
1349 4697 1513 4766 Myr-theom,

791 4761 950 4808 Murrhenm.
1051 4774 1092 4810 xv,
1111 4765 1135 4812 2.
1152 4777 1230 4824 pone.
