3450 5667
685 733 719 809 Q.
747 736 907 795 norm
929 737 1074 797 rqucl

480 896 588 963 Verba
602 898 680 983 lyras
694 906 824 964 motura
837 920 953 965 sonum
967 907 1133 967 conectere
1147 901 1283 987 digner?

481 1008 592 1071 Frater
605 1016 674 1073 erat
690 1008 802 1074 Rome
816 1010 957 1075 consulti
970 1010 1090 1090 rhetor,
1106 1018 1144 1075 nt
1158 1013 1241 1078 alter

479 1116 621 1182 Alterius
636 1138 781 1183 sermone
795 1140 901 1185 meros
915 1120 1040 1185 audiret
1054 1120 1202 1201 honores,

481 1227 645 1290 Gracchus
659 1234 697 1291 ut
711 1226 765 1291 hic
779 1228 838 1307 illi,
852 1228 937 1293 foret
951 1228 1028 1294 huic
1040 1240 1079 1295 ut
1092 1231 1225 1296 Mucius
1237 1233 1302 1298 ille.

480 1336 546 1402 Qui
561 1336 669 1401 minus
683 1344 814 1421 argutos
827 1345 922 1403 vexet
935 1340 1026 1405 furor
1039 1340 1101 1405 iste
1114 1343 1252 1425 potitust
1433 1349 1477 1410 90

478 1447 630 1511 Carmina
644 1468 812 1532 compono,
826 1448 881 1513 hio
895 1449 1012 1533 elegos.
1057 1450 1241 1515 “Mirabile
1254 1451 1330 1515 visu

479 1556 700 1641 Caelatumqua
713 1579 830 1623 novem
843 1558 949 1623 Musis
962 1580 1043 1645 opus
1055 1560 1089 1624 l’'
1134 1561 1272 1645 Adspice
1290 1562 1443 1646 primum,

482 1670 614 1735 Quanto
628 1688 704 1732 cum
716 1668 802 1733 fastu
816 1678 939 1753 quanto
952 1671 1120 1736 molimine
1133 1671 1270 1736 circnm-

266 1820 299 1859 94.
309 1807 335 1851 u.
344 1807 364 1850 s.
375 1808 393 1850 1.
402 1807 448 1850 ns.
480 1783 666 1863 Spartamne
679 1800 812 1845 socnam
828 1782 983 1846 Romanis
996 1783 1123 1847 vatibus
1135 1784 1259 1862 aedem3

478 1892 559 1955 Mox
573 1892 681 1970 etiam,
697 1891 725 1955 si
738 1890 821 1955 forte
835 1912 939 1970 raom,
954 1913 1086 1975 sequere
1100 1900 1135 1958 ct
1149 1893 1260 1978 procul
1272 1892 1359 1972 andi,
1431 1898 1474 1960 95

479 2000 568 2067 Quid
582 2000 664 2065 ferat
678 2006 711 2064 et
726 2020 824 2083 quare
838 2001 901 2065 sibi
914 2009 1024 2066 ne'ctat
1036 2011 1174 2087 uterque
1187 2024 1349 2068 coronam.

476 2110 641 2176 Caedimnr
654 2120 688 2175 et
702 2111 835 2175 totidem
851 2112 954 2197 plagis
967 2115 1185 2179 consumimus
1198 2116 1324 2181 hostem

266 2250 316 2291 eu,
328 2250 350 2294 s,
359 2252 379 2293 ι,
389 2251 408 2293 ⁷.
418 2252 450 2293 ³³.
477 2222 582 2286 Lento
598 2221 760 2286 Samnites
775 2221 816 2286 nd
829 2222 955 2286 lumina
967 2224 1071 2306 prima
1084 2224 1202 2289 duello.

476 2330 614 2395 Discedo
628 2331 757 2396 Aloeus
771 2338 893 2415 puncto
906 2332 1014 2409 illins;
1036 2334 1091 2398 ille
1104 2354 1177 2398 meo
1192 2333 1289 2417 quis?

478 2438 559 2506 Quis
574 2440 637 2503 nisi
651 2440 894 2505 onlimschus?
939 2441 976 2506 si
990 2442 1062 2527 plus
1075 2442 1246 2527 adposcere
1267 2444 1364 2522 visus,
1410 2446 1475 2507 100

476 2549 530 2615 Fit
545 2548 761 2614 Mimnermus
775 2559 809 2615 et
823 2549 932 2634 optivo
946 2552 1138 2635 cognomine
1152 2552 1278 2617 crescit.

476 2659 586 2724 Multa
599 2658 676 2738 fero,
693 2666 731 2723 ut
744 2660 868 2743 placem
882 2680 984 2745 genus
997 2660 1151 2726 irritabile
1165 2668 1285 2739 retum,

263 2793 308 2844 sus.
319 2792 345 2835 ιι.
355 2792 374 2834 ι.
385 2792 415 2835 ιι.
425 2791 458 2833 er.
477 2772 560 2835 Cum
576 2769 679 2834 scribo
693 2776 726 2834 et
741 2769 874 2854 supplex
888 2770 1000 2854 populi
1015 2770 1167 2855 suffragiu
1180 2779 1285 2856 cepto,

477 2878 581 2957 Idem,
597 2878 697 2942 linitis
711 2878 826 2943 studiis
840 2886 874 2943 et
887 2886 997 2943 mente
1010 2887 1149 2965 recepta,

262 3008 312 3058 aar.
322 3005 349 3048 E·
359 3006 378 3048 ¹·
388 3006 420 3048 1⁸·
429 3006 462 3048 ⁷0·
476 2990 633 3055 Obturem
648 2989 774 3073 patulas
788 2988 921 3073 impune
934 2989 1117 3073 legentibus
1131 3009 1234 3054 aures.
1409 2992 1472 3053 105

479 3098 638 3165 Ridentur
651 3100 737 3163 male
752 3099 807 3183 qui
821 3107 1021 3184 componunt
1035 3100 1198 3178 carmina3
1221 3120 1332 3164 venum

266 3240 310 3281 107.
321 3230 347 3273 s.
359 3230 382 3274 r.
392 3230 436 3272 sse
478 3210 630 3275 Gaudent
643 3209 818 3275 scribentes
832 3216 866 3274 et
880 3230 915 3273 se
928 3195 1120 3274 venerantur
1134 3219 1168 3274 et
1181 3209 1277 3288 ultro,
1362 3232 1367 3237 ·

477 3320 513 3383 Si
527 3327 644 3399 taceas,
658 3318 792 3384 laudaut
806 3320 963 3403 quidquid
977 3320 1129 3404 scripsere
1143 3320 1241 3385 besti.

476 3432 523 3496 Αι
537 3432 594 3514 qni
606 3431 788 3513 legitimum
803 3430 911 3513 cupiet
924 3429 1037 3494 fecisse
1050 3434 1175 3514 poema,

477 3542 562 3605 Cum
575 3540 693 3603 tabulis
707 3540 852 3603 animum
867 3539 1007 3604 censoris
1021 3547 1127 3604 sumet
1140 3539 1287 3619 honesti3
1328 3600 1334 3611 ,
1410 3544 1475 3605 110

476 3648 631 3728 Audebit,
647 3668 856 3733 quaecumque
871 3670 986 3733 purum
1000 3647 1178 3733 splendoris
1192 3648 1359 3715 habeth

476 3762 520 3825 Et
534 3761 602 3825 sine
617 3760 755 3843 pondere
769 3766 867 3824 erunt
880 3766 913 3825 et
926 3758 1047 3823 honore
1061 3758 1193 3843 indigna
1211 3759 1365 3841 ferentur,

476 3870 585 3934 Verbe
597 3890 725 3933 movero
738 3869 818 3943 loco,
834 3868 980 3953 quamvis
993 3867 1095 3933 invite
1108 3856 1260 3934 recedant

477 3982 521 4044 Et
535 3988 702 4045 versentur
716 3979 821 4043 adhuc
834 3980 923 4043 intra
935 3979 1113 4063 penetralis
1125 3981 1247 4046 Vestse.

476 4090 655 4155 Obscurate
669 4089 724 4154 diu
739 4090 857 4174 populo
871 4089 975 4154 bonus
989 4096 1081 4154 eruet
1095 4096 1192 4173 atquo
1410 4096 1473 4157 115

476 4202 670 4295 Proferam
684 4204 790 4268 lucem
804 4202 947 4287 speciosa
959 4202 1113 4267 vocabula
1126 4223 1245 4282 rerum,

263 4344 288 4387 c,
300 4346 325 4389 c.
336 4346 360 4389 s.
369 4342 462 4389 ιιιοιι.
477 4318 559 4383 Quae
573 4314 684 4398 priscis
698 4320 876 4377 memorata
890 4312 1068 4378 Catonibus
1082 4320 1178 4396 atque
1192 4311 1344 4397 Cethegis

476 4427 575 4492 Nunc
590 4426 672 4489 situs
686 4422 831 4488 informis
845 4422 963 4506 premit
977 4429 1011 4487 et
1025 4422 1152 4487 deserte
1165 4430 1328 4503 vetustes5

264 4568 311 4599 ιιι.
322 4556 347 4599 n.
359 4556 381 4598 r·
391 4554 422 4597 ιι.
475 4536 641 4605 Adsciscet
655 4556 746 4613 nova,
763 4554 835 4617 quae
849 4533 976 4617 genitor
989 4533 1175 4619 produxerit
1189 4554 1277 4599 risus.
